2014.04.30 03:00:10.655,1.96517,1.96555,1.00,1.19
2014.04.30 03:00:13.167,1.96517,1.96555,1.00,1.19
2014.04.30 03:00:14.772,1.96517,1.96555,1.00,1.19
2014.04.30 03:00:15.090,1.96513,1.96554,1.18,1.19
2014.04.30 03:00:15.424,1.96517,1.96555,1.00,1.19
2014.04.30 03:00:16.235,1.96517,1.96555,1.00,1.19
2014.04.30 03:00:18.447,1.96517,1.96555,1.00,1.19
2014.04.30 03:00:23.763,1.96517,1.96555,1.00,1.19
2014.04.30 03:00:28.079,1.96517,1.96555,1.00,1.19
2014.04.30 03:00:28.641,1.96521,1.9656,1.00,1.57
2014.04.30 03:00:29.631,1.96516,1.96556,1.25,1.19
2014.04.30 03:00:30.826,1.96516,1.96556,1.25,1.00
2014.04.30 03:00:32.801,1.96516,1.96556,1.00,1.19
2014.04.30 03:00:34.857,1.96516,1.96556,1.00,1.19
2014.04.30 03:00:36.030,1.96516,1.96556,1.00,1.69
2014.04.30 03:00:38.382,1.96516,1.96556,1.00,1.19
2014.04.30 03:00:39.849,1.96516,1.96555,1.00,1.34
2014.04.30 03:00:44.100,1.96516,1.96554,1.00,1.37
2014.04.30 03:00:47.911,1.96516,1.96556,1.00,1.84
2014.04.30 03:00:52.091,1.96516,1.96556,1.00,1.34
2014.04.30 03:00:58.956,1.96516,1.96556,1.00,1.84
2014.04.30 03:01:02.144,1.96516,1.96556,1.00,1.47
2014.04.30 03:01:04.049,1.96516,1.96555,1.00,1.27
2014.04.30 03:01:09.769,1.96516,1.96553,1.00,1.19
2014.04.30 03:01:13.178,1.96516,1.96551,1.00,1.19
2014.04.30 03:01:14.503,1.96516,1.96553,1.00,1.19
2014.04.30 03:01:15.802,1.96516,1.96554,1.00,1.29
2014.04.30 03:01:18.113,1.96516,1.96556,1.00,1.37
2014.04.30 03:01:24.055,1.96516,1.96556,1.25,1.29
2014.04.30 03:01:29.666,1.96516,1.96556,1.00,1.29
2014.04.30 03:01:35.874,1.96516,1.96556,1.00,1.77
2014.04.30 03:01:38.083,1.96516,1.96554,1.00,1.19
2014.04.30 03:01:42.596,1.96516,1.96551,1.00,1.19
2014.04.30 03:01:48.481,1.96516,1.96554,1.00,1.19
2014.04.30 03:01:50.140,1.96516,1.96552,1.00,1.19
2014.04.30 03:01:52.244,1.96516,1.96553,1.00,1.19
2014.04.30 03:01:53.950,1.96516,1.96555,1.00,1.19
2014.04.30 03:01:58.061,1.96516,1.96556,1.00,1.29
2014.04.30 03:02:00.368,1.96509,1.96549,1.19,1.25
2014.04.30 03:02:00.999,1.96509,1.96549,1.00,1.19
2014.04.30 03:02:01.344,1.96505,1.96544,1.19,1.00
2014.04.30 03:02:02.177,1.96505,1.96544,1.00,1.19
2014.04.30 03:02:04.186,1.96505,1.96544,1.00,1.19
2014.04.30 03:02:04.687,1.96496,1.96541,1.19,1.27
2014.04.30 03:02:04.788,1.96496,1.96538,1.00,1.19
2014.04.30 03:02:05.639,1.96496,1.96535,1.00,1.02
2014.04.30 03:02:05.689,1.96493,1.96533,1.00,1.27
2014.04.30 03:02:06.638,1.96493,1.96531,1.00,1.34
2014.04.30 03:02:07.800,1.96493,1.96533,1.00,1.34
2014.04.30 03:02:07.851,1.96497,1.96536,1.00,1.72
2014.04.30 03:02:08.168,1.96497,1.96525,1.00,1.20
2014.04.30 03:02:08.219,1.96488,1.96521,1.00,1.19
2014.04.30 03:02:08.270,1.96482,1.96521,1.00,1.27
2014.04.30 03:02:08.969,1.96475,1.96514,1.69,1.00
2014.04.30 03:02:09.204,1.96473,1.96518,1.00,1.34
2014.04.30 03:02:10.316,1.96473,1.96519,1.00,1.34
2014.04.30 03:02:14.573,1.96475,1.9652,1.00,1.77
2014.04.30 03:02:14.882,1.96475,1.96512,1.00,1.34
2014.04.30 03:02:14.932,1.96471,1.96509,1.00,1.37
2014.04.30 03:02:15.085,1.96471,1.96504,1.00,1.29
2014.04.30 03:02:15.135,1.96458,1.96499,1.00,1.19
2014.04.30 03:02:16.443,1.96458,1.96499,1.00,1.19
2014.04.30 03:02:18.858,1.96458,1.96499,1.25,1.25
2014.04.30 03:02:19.854,1.96458,1.96499,1.00,1.19
2014.04.30 03:02:20.287,1.96461,1.96501,1.00,1.29
2014.04.30 03:02:20.981,1.96461,1.96501,1.00,1.77
2014.04.30 03:02:22.170,1.96455,1.965,1.00,1.27
2014.04.30 03:02:22.222,1.96455,1.96487,1.00,1.00
2014.04.30 03:02:22.525,1.96442,1.96478,1.25,1.08
2014.04.30 03:02:22.626,1.96444,1.96484,1.00,1.02
2014.04.30 03:02:33.642,1.9645,1.96494,1.00,1.09
2014.04.30 03:02:33.693,1.9645,1.96496,1.00,1.37
2014.04.30 03:02:34.631,1.9645,1.96496,1.19,1.37
2014.04.30 03:02:35.515,1.9645,1.96496,1.19,1.77
2014.04.30 03:02:37.143,1.9645,1.96496,1.25,1.77
2014.04.30 03:02:39.107,1.9645,1.96494,1.00,1.34
2014.04.30 03:02:39.696,1.96457,1.96494,1.00,1.34
2014.04.30 03:02:40.582,1.96457,1.96492,1.00,1.34
2014.04.30 03:02:42.842,1.96458,1.96492,1.00,1.27
2014.04.30 03:02:42.995,1.96458,1.96498,1.00,1.02
2014.04.30 03:02:43.096,1.96458,1.96501,1.19,1.98
2014.04.30 03:02:43.198,1.96462,1.96501,1.25,1.30
2014.04.30 03:02:43.372,1.96462,1.96503,1.25,1.02
2014.04.30 03:02:43.473,1.96462,1.96505,1.25,1.34
2014.04.30 03:02:44.163,1.96463,1.96506,1.00,1.34
2014.04.30 03:02:44.289,1.96463,1.96506,1.00,1.34
2014.04.30 03:02:45.396,1.96463,1.96506,1.00,1.84
2014.04.30 03:02:45.932,1.96464,1.96506,1.00,1.34
2014.04.30 03:02:46.248,1.96466,1.96506,1.00,1.34
2014.04.30 03:02:46.626,1.96462,1.96505,1.00,1.84
2014.04.30 03:02:46.940,1.9646,1.96504,1.00,1.34
2014.04.30 03:02:48.107,1.9646,1.96504,1.25,1.34
2014.04.30 03:02:49.611,1.9646,1.96502,1.00,1.29
2014.04.30 03:02:50.615,1.9646,1.96503,1.00,1.37
2014.04.30 03:02:51.664,1.9646,1.965,1.00,1.19
2014.04.30 03:02:54.404,1.96454,1.96499,1.00,1.27
2014.04.30 03:02:55.504,1.96457,1.965,1.00,1.84
2014.04.30 03:02:55.856,1.96457,1.96493,1.00,1.19
2014.04.30 03:02:57.261,1.96457,1.965,1.00,1.84
2014.04.30 03:02:58.384,1.96457,1.965,1.00,1.34
2014.04.30 03:03:00.125,1.96457,1.965,1.00,1.69
2014.04.30 03:03:01.684,1.96457,1.965,1.00,1.19
2014.04.30 03:03:03.094,1.96457,1.965,1.19,1.19
2014.04.30 03:03:05.898,1.96457,1.965,1.00,1.19
2014.04.30 03:03:06.325,1.96457,1.965,1.00,1.27
2014.04.30 03:03:06.578,1.96457,1.965,1.00,1.19
2014.04.30 03:03:07.204,1.96457,1.965,1.19,1.25
2014.04.30 03:03:08.207,1.96457,1.965,1.19,1.00
2014.04.30 03:03:09.841,1.96457,1.965,1.19,1.00
2014.04.30 03:03:11.747,1.96457,1.965,1.19,1.19
2014.04.30 03:03:13.256,1.96457,1.965,1.00,1.19
2014.04.30 03:03:14.308,1.96457,1.965,1.00,1.27
2014.04.30 03:03:16.616,1.96457,1.965,1.00,1.27
2014.04.30 03:03:19.780,1.96457,1.96499,1.00,1.27
2014.04.30 03:03:22.789,1.96457,1.96498,1.00,1.29
2014.04.30 03:03:24.295,1.96457,1.965,1.00,1.77
2014.04.30 03:03:26.003,1.96457,1.965,1.00,1.27
2014.04.30 03:03:27.836,1.96455,1.96496,1.00,1.19
2014.04.30 03:03:28.056,1.96455,1.96496,1.00,1.19
2014.04.30 03:03:28.215,1.96448,1.96489,1.29,1.00
2014.04.30 03:03:30.335,1.96448,1.96489,1.19,1.19
2014.04.30 03:03:30.916,1.96441,1.96478,1.19,1.00
2014.04.30 03:03:30.967,1.96429,1.96478,1.34,1.25
2014.04.30 03:03:31.147,1.96429,1.96476,1.27,1.00
2014.04.30 03:03:31.450,1.96421,1.96474,1.02,1.19
2014.04.30 03:03:31.903,1.96416,1.96475,1.34,1.34
2014.04.30 03:03:33.167,1.96416,1.96468,1.34,1.19
2014.04.30 03:03:33.469,1.96416,1.96456,1.29,1.00
2014.04.30 03:03:34.655,1.96409,1.96456,1.02,1.25
2014.04.30 03:03:36.063,1.96409,1.96456,1.02,1.19
2014.04.30 03:03:37.570,1.96413,1.96457,1.37,1.19
2014.04.30 03:03:38.080,1.96413,1.96457,1.19,1.19
2014.04.30 03:03:39.175,1.96413,1.96457,1.19,1.19
2014.04.30 03:03:42.991,1.96413,1.96457,1.19,1.19
2014.04.30 03:03:44.010,1.96413,1.96457,1.19,1.19
2014.04.30 03:03:47.821,1.96413,1.96457,1.19,1.25
2014.04.30 03:03:50.129,1.96413,1.96457,1.19,1.19
2014.04.30 03:03:51.334,1.96409,1.9645,1.29,1.00
2014.04.30 03:03:52.874,1.96409,1.9645,1.33,1.25
2014.04.30 03:03:57.103,1.96409,1.9645,1.27,1.00
2014.04.30 03:04:00.066,1.96409,1.9645,1.27,1.00
2014.04.30 03:04:01.473,1.96409,1.9645,1.27,1.00
2014.04.30 03:04:02.747,1.96409,1.9645,1.27,1.25
2014.04.30 03:04:07.411,1.96413,1.96453,1.00,1.19
2014.04.30 03:04:07.671,1.96415,1.96456,1.29,1.00
2014.04.30 03:04:09.832,1.96417,1.96456,1.19,1.00
2014.04.30 03:04:10.146,1.96421,1.96461,1.00,1.19
2014.04.30 03:04:10.917,1.96417,1.96456,1.19,1.00
2014.04.30 03:04:11.430,1.96417,1.96456,1.19,1.00
2014.04.30 03:04:11.911,1.96419,1.96465,1.19,1.19
2014.04.30 03:04:11.962,1.96419,1.96465,1.34,1.19
2014.04.30 03:04:12.164,1.96422,1.96475,1.37,1.37
2014.04.30 03:04:12.622,1.96431,1.96477,1.15,1.19
2014.04.30 03:04:13.545,1.96431,1.96476,1.34,1.19
2014.04.30 03:04:14.452,1.96433,1.96479,1.19,1.19
2014.04.30 03:04:14.781,1.96436,1.9648,1.00,1.19
2014.04.30 03:04:15.392,1.96436,1.9648,1.00,1.69
2014.04.30 03:04:16.961,1.96436,1.9648,1.00,1.19
2014.04.30 03:04:21.535,1.96436,1.9648,1.00,1.69
2014.04.30 03:04:23.305,1.96436,1.96478,1.00,1.37
2014.04.30 03:04:23.677,1.96425,1.96466,1.84,1.00
2014.04.30 03:04:23.928,1.96428,1.96474,1.29,1.19
2014.04.30 03:04:24.354,1.96425,1.96466,1.84,1.00
2014.04.30 03:04:31.249,1.96425,1.96466,1.84,1.00
2014.04.30 03:04:32.257,1.96425,1.96466,1.84,1.00
2014.04.30 03:04:33.336,1.96425,1.96466,2.59,1.00
2014.04.30 03:04:35.985,1.96435,1.96474,1.00,1.19
2014.04.30 03:04:36.086,1.96435,1.96474,1.19,1.00
2014.04.30 03:04:38.155,1.96435,1.96474,1.00,1.19
2014.04.30 03:04:39.760,1.96435,1.96474,1.00,1.19
2014.04.30 03:04:40.965,1.96435,1.96474,1.00,1.19
2014.04.30 03:04:42.363,1.96437,1.96475,1.00,1.19
2014.04.30 03:04:43.493,1.96437,1.96477,1.00,1.19
2014.04.30 03:04:44.897,1.96437,1.96477,1.00,1.19
2014.04.30 03:04:45.114,1.96437,1.96477,1.19,1.00
2014.04.30 03:04:49.810,1.96437,1.96477,1.25,1.00
2014.04.30 03:04:53.021,1.96437,1.96477,1.19,1.00
2014.04.30 03:04:56.564,1.96437,1.96477,1.00,1.19
2014.04.30 03:04:57.319,1.96432,1.96475,1.37,1.25
2014.04.30 03:05:00.092,1.96432,1.96475,1.37,1.00
2014.04.30 03:05:02.981,1.96435,1.96475,1.27,1.00
2014.04.30 03:05:06.071,1.96437,1.96475,1.29,1.00
2014.04.30 03:05:10.036,1.96435,1.96475,1.34,1.00
2014.04.30 03:05:13.448,1.96433,1.96475,1.34,1.00
2014.04.30 03:05:16.455,1.96434,1.96475,1.34,1.00
2014.04.30 03:05:19.865,1.96435,1.96475,1.34,1.00
2014.04.30 03:05:23.076,1.96432,1.96475,1.84,1.00
2014.04.30 03:05:24.582,1.96433,1.96475,1.34,1.00
2014.04.30 03:05:27.089,1.96434,1.96475,1.34,1.00
2014.04.30 03:05:28.923,1.96435,1.96475,1.34,1.00
2014.04.30 03:05:29.798,1.96432,1.96475,1.34,1.00
2014.04.30 03:05:32.142,1.96433,1.96475,1.34,1.00
2014.04.30 03:05:33.145,1.96434,1.96475,1.34,1.00
2014.04.30 03:05:38.157,1.96435,1.96475,1.34,1.00
2014.04.30 03:05:39.159,1.96437,1.96475,1.29,1.00
2014.04.30 03:05:41.364,1.96438,1.96475,1.19,1.00
2014.04.30 03:05:43.871,1.96437,1.96475,1.27,1.00
2014.04.30 03:05:47.225,1.96438,1.96475,1.29,1.00
2014.04.30 03:05:48.285,1.96434,1.96475,1.34,1.00
2014.04.30 03:05:48.669,1.96436,1.96477,1.37,1.00
2014.04.30 03:05:48.970,1.96436,1.96479,1.37,1.00
2014.04.30 03:05:49.492,1.96435,1.96479,1.84,1.00
2014.04.30 03:05:55.006,1.96437,1.96479,1.27,1.00
2014.04.30 03:05:58.448,1.96438,1.96479,1.29,1.00
2014.04.30 03:05:59.133,1.9644,1.96479,1.19,1.00
2014.04.30 03:06:00.312,1.9644,1.96478,1.19,1.00
2014.04.30 03:06:00.414,1.96444,1.96484,1.19,1.00
2014.04.30 03:06:00.666,1.96457,1.96495,1.00,1.09
2014.04.30 03:06:00.880,1.96444,1.96478,1.34,1.00
2014.04.30 03:06:00.943,1.96443,1.96478,1.02,1.00
2014.04.30 03:06:01.044,1.96437,1.96478,1.34,1.00
2014.04.30 03:06:07.159,1.96438,1.96478,1.37,1.00
2014.04.30 03:06:08.763,1.96441,1.96478,1.19,1.00
2014.04.30 03:06:08.915,1.96441,1.96486,1.19,1.00
2014.04.30 03:06:09.129,1.96441,1.96478,1.34,1.00
2014.04.30 03:06:09.902,1.96438,1.96478,1.29,1.00
2014.04.30 03:06:10.089,1.96438,1.96476,1.29,1.00
2014.04.30 03:06:10.612,1.96438,1.96477,1.29,1.00
2014.04.30 03:06:11.094,1.96435,1.96477,1.34,1.00
2014.04.30 03:06:11.848,1.96435,1.9648,1.34,1.00
2014.04.30 03:06:13.980,1.96435,1.9648,1.34,1.25
2014.04.30 03:06:19.129,1.96438,1.9648,1.29,1.00
2014.04.30 03:06:21.600,1.96436,1.9648,1.34,1.00
2014.04.30 03:06:22.887,1.96436,1.96475,1.34,1.00
2014.04.30 03:06:24.859,1.96435,1.96475,1.34,1.00
2014.04.30 03:06:26.840,1.96435,1.96479,2.59,1.00
2014.04.30 03:06:28.028,1.96435,1.96479,1.84,1.00
2014.04.30 03:06:29.769,1.96435,1.96479,1.84,1.00
2014.04.30 03:06:30.044,1.96435,1.96479,1.84,1.19
2014.04.30 03:06:30.420,1.96433,1.96471,1.35,1.00
2014.04.30 03:06:31.696,1.96433,1.96472,1.35,1.00
2014.04.30 03:06:39.861,1.96435,1.96472,1.34,1.00
2014.04.30 03:06:44.336,1.96443,1.96482,1.25,1.25
2014.04.30 03:06:44.995,1.96439,1.9648,1.27,1.00
2014.04.30 03:06:46.079,1.96439,1.9648,1.27,1.00
2014.04.30 03:06:49.287,1.96439,1.96478,1.08,1.19
2014.04.30 03:06:49.895,1.96439,1.96478,1.00,1.19
2014.04.30 03:06:50.458,1.96439,1.9648,1.00,1.19
2014.04.30 03:06:51.369,1.96442,1.96481,1.00,1.69
2014.04.30 03:06:52.202,1.96442,1.9648,1.00,1.19
2014.04.30 03:06:55.772,1.96442,1.96481,1.25,1.00
2014.04.30 03:06:56.575,1.96442,1.96481,1.00,1.19
2014.04.30 03:07:00.082,1.96442,1.96481,1.00,1.19
2014.04.30 03:07:02.286,1.96442,1.96481,1.00,1.19
2014.04.30 03:07:04.987,1.9644,1.96479,1.00,1.19
2014.04.30 03:07:06.599,1.9644,1.96479,1.00,1.19
2014.04.30 03:07:07.801,1.9644,1.96479,1.00,1.19
2014.04.30 03:07:17.344,1.9644,1.96474,1.00,1.19
2014.04.30 03:07:17.446,1.96432,1.96474,1.00,1.19
2014.04.30 03:07:17.857,1.96434,1.96473,1.00,1.02
2014.04.30 03:07:18.423,1.96434,1.96466,1.00,1.29
2014.04.30 03:07:19.527,1.96434,1.96467,1.00,1.37
2014.04.30 03:07:20.692,1.96434,1.96465,1.00,1.19
2014.04.30 03:07:22.752,1.96434,1.96467,1.00,1.37
2014.04.30 03:07:26.363,1.96434,1.96466,1.00,1.29
2014.04.30 03:07:28.068,1.96434,1.96467,1.00,1.37
2014.04.30 03:07:29.775,1.96434,1.96468,1.00,1.34
2014.04.30 03:07:32.419,1.96434,1.9647,1.00,1.34
2014.04.30 03:07:32.855,1.96445,1.9647,1.00,1.34
2014.04.30 03:07:32.905,1.96445,1.96477,1.00,1.02
2014.04.30 03:07:32.957,1.96445,1.96479,1.00,1.02
2014.04.30 03:07:33.058,1.96445,1.96484,1.00,1.19
2014.04.30 03:07:33.159,1.96447,1.96484,1.00,1.19
2014.04.30 03:07:33.484,1.96455,1.96485,1.00,1.19
2014.04.30 03:07:34.089,1.96455,1.96487,1.00,1.29
2014.04.30 03:07:35.346,1.96451,1.96487,1.00,1.29
2014.04.30 03:07:36.107,1.9645,1.96486,1.00,1.19
2014.04.30 03:07:36.887,1.96448,1.96486,1.00,1.19
2014.04.30 03:07:36.938,1.96448,1.96487,1.00,1.29
2014.04.30 03:07:37.140,1.96431,1.96474,1.00,1.19
2014.04.30 03:07:39.158,1.96431,1.96473,1.00,1.19
2014.04.30 03:07:39.461,1.96425,1.96471,1.00,1.19
2014.04.30 03:07:39.527,1.96427,1.96471,1.00,1.19
2014.04.30 03:07:44.650,1.96427,1.96471,1.25,1.19
2014.04.30 03:07:45.853,1.96427,1.96471,1.00,1.19
2014.04.30 03:07:47.057,1.96427,1.96471,1.00,1.19
2014.04.30 03:07:48.164,1.96427,1.96471,1.19,1.19
2014.04.30 03:07:48.265,1.96432,1.96475,1.10,1.29
2014.04.30 03:07:48.652,1.96431,1.96468,1.50,1.00
2014.04.30 03:07:48.863,1.96437,1.96477,1.00,1.69
2014.04.30 03:07:49.470,1.96437,1.96477,1.00,1.19
2014.04.30 03:07:51.279,1.96437,1.96477,1.00,1.19
2014.04.30 03:07:52.176,1.96432,1.96473,1.27,1.00
2014.04.30 03:07:52.396,1.96428,1.96468,1.68,1.00
2014.04.30 03:07:54.389,1.96428,1.96468,2.18,1.00
2014.04.30 03:08:00.103,1.96428,1.96468,1.68,1.00
2014.04.30 03:08:00.976,1.96433,1.96472,1.33,1.25
2014.04.30 03:08:03.241,1.96433,1.96472,1.27,1.00
2014.04.30 03:08:03.864,1.96427,1.96464,1.19,1.00
2014.04.30 03:08:03.965,1.96426,1.96472,1.34,1.19
2014.04.30 03:08:05.042,1.96426,1.96471,1.15,1.19
2014.04.30 03:08:05.300,1.96426,1.96471,1.00,1.29
2014.04.30 03:08:06.145,1.96426,1.96472,1.25,1.27
2014.04.30 03:08:09.861,1.96426,1.96472,1.00,1.77
2014.04.30 03:08:12.022,1.96426,1.96472,1.08,1.69
2014.04.30 03:08:12.716,1.96426,1.96472,1.25,1.27
2014.04.30 03:08:13.569,1.96426,1.96472,1.00,1.77
2014.04.30 03:08:16.115,1.96426,1.9647,1.00,1.19
2014.04.30 03:08:16.427,1.9643,1.9647,1.00,1.19
2014.04.30 03:08:17.059,1.96431,1.9647,1.00,1.19
2014.04.30 03:08:18.286,1.96431,1.96471,1.00,1.29
2014.04.30 03:08:19.236,1.9643,1.96471,1.00,1.29
2014.04.30 03:08:20.093,1.9643,1.96473,1.00,1.27
2014.04.30 03:08:22.199,1.9643,1.96473,1.00,1.27
2014.04.30 03:08:23.201,1.9643,1.96473,1.00,1.19
2014.04.30 03:08:25.910,1.9643,1.96473,1.00,1.19
2014.04.30 03:08:29.608,1.96432,1.96475,1.00,1.19
2014.04.30 03:08:29.946,1.9643,1.96473,1.00,1.19
2014.04.30 03:08:31.751,1.9643,1.96473,1.00,1.19
2014.04.30 03:08:31.802,1.96432,1.96475,1.00,1.19
2014.04.30 03:08:34.759,1.96432,1.96475,1.00,1.69
2014.04.30 03:08:42.928,1.96434,1.96475,1.00,1.19
2014.04.30 03:08:43.253,1.96439,1.96475,1.00,1.19
2014.04.30 03:08:43.304,1.96439,1.96478,1.00,1.19
2014.04.30 03:08:44.508,1.96439,1.96481,1.00,1.27
2014.04.30 03:08:46.834,1.96439,1.96482,1.00,1.27
2014.04.30 03:08:50.463,1.96439,1.9648,1.00,1.29
2014.04.30 03:08:55.083,1.96439,1.96485,1.00,1.34
2014.04.30 03:09:03.069,1.96431,1.96472,1.19,1.00
2014.04.30 03:09:07.177,1.96429,1.96472,1.19,1.00
2014.04.30 03:09:08.381,1.96429,1.96472,1.19,1.00
2014.04.30 03:09:11.205,1.9643,1.96475,1.19,1.25
2014.04.30 03:09:12.693,1.96432,1.96476,1.00,1.19
2014.04.30 03:09:14.098,1.96432,1.96476,1.25,1.19
2014.04.30 03:09:27.957,1.9643,1.96473,1.19,1.19
2014.04.30 03:09:29.263,1.9643,1.96473,1.00,1.19
2014.04.30 03:09:29.424,1.9643,1.96473,1.34,1.19
2014.04.30 03:09:32.173,1.9643,1.96473,1.53,1.00
2014.04.30 03:09:35.515,1.96431,1.96474,1.53,1.00
2014.04.30 03:09:35.738,1.96431,1.96477,1.53,1.10
2014.04.30 03:09:38.000,1.96431,1.96477,2.03,1.10
2014.04.30 03:09:42.553,1.96431,1.96475,1.53,1.00
2014.04.30 03:09:43.544,1.96431,1.96473,1.53,1.00
2014.04.30 03:09:44.555,1.96431,1.96475,1.53,1.00
2014.04.30 03:09:45.134,1.9643,1.96475,1.53,1.00
2014.04.30 03:09:47.743,1.9643,1.96475,2.03,1.00
2014.04.30 03:09:49.512,1.9643,1.96474,1.53,1.00
2014.04.30 03:09:50.355,1.96429,1.96474,1.53,1.00
2014.04.30 03:09:52.867,1.96429,1.96474,1.53,1.25
2014.04.30 03:09:55.101,1.96429,1.96474,2.03,1.00
2014.04.30 03:09:57.279,1.96429,1.96474,1.53,1.00
2014.04.30 03:09:58.583,1.96429,1.96474,1.53,1.19
2014.04.30 03:10:00.140,1.96429,1.96474,1.19,1.19
2014.04.30 03:10:00.734,1.96426,1.96464,1.19,1.00
2014.04.30 03:10:01.120,1.96426,1.96464,1.19,1.00
2014.04.30 03:10:02.306,1.96426,1.96464,1.19,1.00
2014.04.30 03:10:02.828,1.96436,1.96472,1.00,1.02
2014.04.30 03:10:03.023,1.96426,1.96464,1.19,1.00
2014.04.30 03:10:04.342,1.96426,1.96464,1.25,1.00
2014.04.30 03:10:06.253,1.96423,1.96464,1.63,1.00
2014.04.30 03:10:09.537,1.96422,1.96463,1.60,1.00
2014.04.30 03:10:10.950,1.96424,1.96463,1.59,1.00
2014.04.30 03:10:15.154,1.96424,1.96463,1.53,1.00
2014.04.30 03:10:17.058,1.96424,1.96463,1.53,1.00
2014.04.30 03:10:18.461,1.96424,1.96463,1.53,1.00
2014.04.30 03:10:18.862,1.96428,1.96466,1.00,1.00
2014.04.30 03:10:19.866,1.96428,1.96466,1.19,1.00
2014.04.30 03:10:22.072,1.96428,1.96466,1.19,1.00
2014.04.30 03:10:22.163,1.96428,1.96469,1.19,1.00
2014.04.30 03:10:24.278,1.96428,1.96469,1.19,1.00
2014.04.30 03:10:25.022,1.96428,1.96466,1.19,1.00
2014.04.30 03:10:28.891,1.96428,1.96466,1.00,1.25
2014.04.30 03:10:32.684,1.96428,1.96466,1.59,1.00
2014.04.30 03:10:36.034,1.96428,1.96466,1.34,1.19
2014.04.30 03:10:36.561,1.96426,1.96463,1.84,1.00
2014.04.30 03:10:36.902,1.96426,1.96461,1.84,1.00
2014.04.30 03:10:57.364,1.96426,1.96459,1.84,1.00
2014.04.30 03:11:02.932,1.96421,1.96459,1.60,1.00
2014.04.30 03:11:11.154,1.96421,1.96459,1.60,1.00
2014.04.30 03:11:16.167,1.96421,1.96459,1.60,1.00
2014.04.30 03:11:21.008,1.96421,1.96459,1.60,1.00
2014.04.30 03:11:22.325,1.96424,1.96459,2.03,1.00
2014.04.30 03:11:22.426,1.96424,1.96464,2.03,1.00
2014.04.30 03:11:22.527,1.96426,1.9647,1.60,1.19
2014.04.30 03:11:22.880,1.96426,1.9647,1.19,1.29
2014.04.30 03:11:22.981,1.9642,1.96456,1.53,1.00
2014.04.30 03:11:23.082,1.96417,1.96456,2.18,1.00
2014.04.30 03:11:23.183,1.96417,1.96448,2.18,1.00
2014.04.30 03:11:24.967,1.9642,1.9646,1.34,1.19
2014.04.30 03:11:26.131,1.96428,1.96466,1.00,1.19
2014.04.30 03:11:27.719,1.96417,1.96452,2.18,1.00
2014.04.30 03:11:28.038,1.9642,1.96457,1.34,1.34
2014.04.30 03:11:29.855,1.9642,1.96458,1.34,1.27
2014.04.30 03:11:29.906,1.96426,1.96458,1.00,1.19
2014.04.30 03:11:31.332,1.96426,1.96466,1.00,1.77
2014.04.30 03:11:33.336,1.96426,1.96466,1.00,1.77
2014.04.30 03:11:34.601,1.96422,1.96461,1.09,1.27
2014.04.30 03:11:35.151,1.96427,1.96465,1.00,1.34
2014.04.30 03:11:37.851,1.96427,1.96463,1.00,1.34
2014.04.30 03:11:38.856,1.96427,1.96465,1.00,1.40
2014.04.30 03:11:43.191,1.96417,1.96454,2.40,1.00
2014.04.30 03:11:44.280,1.96417,1.96456,2.40,1.00
2014.04.30 03:11:46.093,1.96431,1.96456,1.84,1.00
2014.04.30 03:11:55.863,1.96416,1.96456,2.48,1.19
2014.04.30 03:11:55.965,1.96416,1.96447,2.10,1.00
2014.04.30 03:11:56.631,1.96427,1.96451,1.84,1.00
2014.04.30 03:12:06.645,1.96416,1.96447,2.48,1.00
2014.04.30 03:12:06.947,1.96416,1.96442,2.10,1.00
2014.04.30 03:12:07.600,1.96416,1.96444,2.03,1.00
2014.04.30 03:12:09.880,1.96427,1.96444,1.84,1.00
2014.04.30 03:12:09.931,1.96427,1.96455,1.84,1.25
2014.04.30 03:12:10.082,1.96416,1.96455,2.40,1.25
2014.04.30 03:12:10.133,1.96416,1.9645,2.40,1.00
2014.04.30 03:12:11.890,1.96417,1.96459,1.34,1.19
2014.04.30 03:12:12.115,1.96417,1.9646,1.34,1.29
2014.04.30 03:12:13.316,1.96417,1.96463,1.34,2.59
2014.04.30 03:12:14.969,1.96416,1.96451,1.84,1.00
2014.04.30 03:12:15.121,1.96404,1.96441,2.48,1.00
2014.04.30 03:12:15.440,1.96404,1.96435,1.84,1.00
2014.04.30 03:12:16.330,1.96397,1.96435,1.47,1.00
2014.04.30 03:12:16.431,1.96394,1.96429,1.35,1.00
2014.04.30 03:12:17.531,1.9639,1.96429,2.18,1.00
2014.04.30 03:12:17.582,1.96386,1.96429,1.35,1.00
2014.04.30 03:12:17.633,1.96386,1.96419,1.35,1.00
2014.04.30 03:12:18.179,1.96386,1.96413,1.35,1.00
2014.04.30 03:12:18.410,1.96386,1.96415,1.35,1.00
2014.04.30 03:12:19.218,1.96389,1.96415,1.17,1.00
2014.04.30 03:12:19.322,1.96389,1.96415,1.17,1.00
2014.04.30 03:12:19.373,1.96385,1.96415,2.10,1.00
2014.04.30 03:12:21.000,1.96384,1.96415,2.10,1.00
2014.04.30 03:12:21.770,1.96384,1.96418,2.10,1.00
2014.04.30 03:12:22.372,1.96384,1.96417,2.10,1.00
2014.04.30 03:12:22.423,1.96384,1.96419,2.10,1.00
2014.04.30 03:12:23.590,1.96394,1.96419,1.84,1.00
2014.04.30 03:12:23.641,1.96394,1.96425,1.84,1.00
2014.04.30 03:12:23.842,1.96407,1.96425,1.84,1.00
2014.04.30 03:12:23.893,1.96407,1.96438,1.84,1.19
2014.04.30 03:12:24.961,1.96407,1.96437,1.84,1.19
2014.04.30 03:12:27.550,1.96417,1.96437,1.84,1.19
2014.04.30 03:12:27.702,1.96417,1.96447,1.84,1.33
2014.04.30 03:12:27.753,1.96417,1.96447,1.84,1.25
2014.04.30 03:12:27.854,1.9641,1.96447,1.99,1.25
2014.04.30 03:12:27.956,1.9641,1.96436,1.84,1.00
2014.04.30 03:12:28.157,1.9641,1.96445,1.84,1.00
2014.04.30 03:12:30.343,1.96411,1.96454,2.03,1.19
2014.04.30 03:12:30.495,1.96411,1.9645,2.03,1.00
2014.04.30 03:12:52.260,1.96411,1.9645,1.84,1.19
2014.04.30 03:12:54.770,1.96411,1.9645,2.03,1.25
2014.04.30 03:12:57.413,1.96411,1.96448,1.84,1.00
2014.04.30 03:12:57.944,1.96411,1.96449,1.84,1.00
2014.04.30 03:12:58.681,1.96411,1.96451,1.84,1.19
2014.04.30 03:13:02.113,1.96411,1.96451,1.84,1.19
2014.04.30 03:13:03.819,1.96411,1.96451,2.03,1.19
2014.04.30 03:13:08.689,1.96413,1.96451,1.84,1.19
2014.04.30 03:13:10.736,1.96413,1.96451,1.84,1.19
2014.04.30 03:13:13.841,1.96413,1.96451,1.84,1.19
2014.04.30 03:13:22.867,1.96413,1.96451,1.84,1.19
2014.04.30 03:13:24.071,1.96413,1.96451,1.84,1.19
2014.04.30 03:13:25.175,1.96413,1.96451,1.84,1.19
2014.04.30 03:13:26.127,1.96413,1.96451,2.03,1.00
2014.04.30 03:13:32.731,1.96413,1.96447,2.03,1.00
2014.04.30 03:13:34.032,1.96413,1.96442,1.84,1.00
2014.04.30 03:13:40.812,1.9641,1.96442,2.10,1.00
2014.04.30 03:13:51.357,1.9641,1.96449,2.18,1.00
2014.04.30 03:13:54.276,1.96412,1.96449,1.68,1.00
2014.04.30 03:13:55.194,1.9641,1.96449,2.18,1.00
2014.04.30 03:14:03.113,1.96416,1.96449,1.63,1.00
2014.04.30 03:14:07.433,1.96416,1.96449,1.35,1.00
2014.04.30 03:14:07.537,1.96424,1.96449,1.84,1.00
2014.04.30 03:14:07.638,1.96425,1.96451,1.34,1.00
2014.04.30 03:14:20.855,1.96425,1.96451,1.53,1.00
2014.04.30 03:14:21.213,1.96425,1.96463,1.68,1.00
2014.04.30 03:14:21.643,1.96435,1.96463,1.00,1.00
2014.04.30 03:14:24.617,1.96428,1.96463,1.70,1.00
2014.04.30 03:14:25.346,1.96435,1.96471,1.19,1.00
2014.04.30 03:14:25.397,1.96431,1.96471,2.03,1.00
2014.04.30 03:14:26.325,1.96432,1.96471,1.53,1.00
2014.04.30 03:14:28.930,1.96431,1.96471,2.03,1.00
2014.04.30 03:14:29.856,1.96438,1.96484,1.09,1.34
2014.04.30 03:14:30.465,1.96438,1.96484,1.28,1.34
2014.04.30 03:14:31.505,1.96438,1.96484,1.28,1.34
2014.04.30 03:14:32.580,1.96438,1.96484,1.28,1.34
2014.04.30 03:14:35.186,1.96438,1.96484,1.28,1.34
2014.04.30 03:14:39.100,1.96438,1.96484,1.28,1.19
2014.04.30 03:14:41.004,1.96438,1.96484,1.28,1.19
2014.04.30 03:14:42.108,1.96438,1.96484,1.28,1.19
2014.04.30 03:14:44.115,1.96438,1.96484,1.28,1.19
2014.04.30 03:14:46.823,1.96438,1.96484,1.28,1.19
2014.04.30 03:14:49.533,1.96438,1.96484,1.28,1.19
2014.04.30 03:14:50.274,1.96438,1.96481,1.28,1.00
2014.04.30 03:14:51.339,1.96438,1.96481,1.28,1.00
2014.04.30 03:14:52.113,1.96438,1.96484,1.28,1.19
2014.04.30 03:14:52.428,1.96444,1.96487,1.00,1.37
2014.04.30 03:14:52.588,1.96442,1.96487,1.25,1.37
2014.04.30 03:14:52.697,1.96441,1.96485,1.00,1.19
2014.04.30 03:14:53.243,1.9644,1.96486,1.00,1.29
2014.04.30 03:14:54.186,1.96442,1.96487,1.00,1.37
2014.04.30 03:14:54.616,1.96442,1.96486,1.00,1.29
2014.04.30 03:14:55.635,1.96442,1.96485,1.00,1.19
2014.04.30 03:15:00.119,1.96442,1.96486,1.00,1.34
2014.04.30 03:15:01.424,1.96442,1.96487,1.19,1.19
2014.04.30 03:15:02.478,1.96442,1.96487,1.19,1.19
2014.04.30 03:15:05.242,1.96442,1.96487,1.19,1.19
2014.04.30 03:15:06.061,1.96443,1.96487,2.03,1.19
2014.04.30 03:15:06.669,1.96446,1.9649,1.59,1.27
2014.04.30 03:15:07.852,1.96446,1.9649,1.34,1.27
2014.04.30 03:15:10.059,1.96444,1.96489,1.34,1.29
2014.04.30 03:15:10.411,1.96452,1.96495,1.00,1.19
2014.04.30 03:15:11.366,1.96452,1.96495,1.25,1.19
2014.04.30 03:15:12.515,1.96445,1.96491,1.53,1.19
2014.04.30 03:15:14.142,1.96451,1.96494,1.28,1.19
2014.04.30 03:15:15.233,1.96446,1.9649,1.53,1.19
2014.04.30 03:15:18.215,1.96446,1.9649,1.53,1.19
2014.04.30 03:15:19.820,1.96446,1.9649,1.53,1.00
2014.04.30 03:15:21.123,1.96446,1.9649,1.53,1.19
2014.04.30 03:15:22.227,1.96446,1.9649,1.53,1.19
2014.04.30 03:15:23.634,1.96446,1.9649,1.53,1.00
2014.04.30 03:15:40.291,1.96446,1.9649,1.53,1.00
2014.04.30 03:15:41.896,1.96446,1.9649,1.19,1.00
2014.04.30 03:15:45.205,1.96446,1.9649,1.19,1.00
2014.04.30 03:15:46.309,1.96446,1.9649,1.19,1.25
2014.04.30 03:15:47.063,1.96446,1.9649,1.19,1.33
2014.04.30 03:15:47.617,1.96446,1.9649,1.19,1.27
2014.04.30 03:16:00.044,1.96446,1.9649,1.25,1.27
2014.04.30 03:16:01.049,1.96446,1.9649,1.00,1.27
2014.04.30 03:16:02.053,1.96446,1.9649,1.25,1.27
2014.04.30 03:16:05.935,1.96446,1.9649,1.00,1.27
2014.04.30 03:16:07.694,1.96446,1.9649,1.00,1.27
2014.04.30 03:16:08.796,1.96446,1.9649,1.00,1.27
2014.04.30 03:16:10.499,1.96446,1.96489,1.00,1.27
2014.04.30 03:16:13.805,1.96446,1.9649,1.25,1.27
2014.04.30 03:16:17.014,1.96446,1.9649,1.00,1.27
2014.04.30 03:16:18.516,1.96446,1.9649,1.00,1.77
2014.04.30 03:16:19.920,1.96446,1.9649,1.10,1.19
2014.04.30 03:16:21.825,1.96446,1.9649,1.29,1.19
2014.04.30 03:16:25.233,1.96446,1.9649,1.10,1.19
2014.04.30 03:16:30.145,1.96446,1.9649,1.10,1.19
2014.04.30 03:16:35.255,1.96446,1.9649,1.10,1.19
2014.04.30 03:16:38.062,1.96446,1.9649,1.00,1.84
2014.04.30 03:16:43.915,1.96446,1.9649,1.00,1.37
2014.04.30 03:16:45.234,1.96446,1.96489,1.00,1.27
2014.04.30 03:16:48.404,1.96446,1.9649,1.00,1.37
2014.04.30 03:16:50.628,1.96446,1.9649,1.00,1.84
2014.04.30 03:16:50.931,1.96443,1.96486,1.25,1.19
2014.04.30 03:16:51.912,1.96443,1.96486,1.00,1.19
2014.04.30 03:16:53.862,1.96443,1.96486,1.00,1.69
2014.04.30 03:16:57.043,1.96443,1.96486,1.00,1.27
2014.04.30 03:17:04.987,1.96443,1.96486,1.00,1.27
2014.04.30 03:17:10.983,1.96443,1.96486,1.00,1.27
2014.04.30 03:17:12.180,1.96443,1.96485,1.00,1.29
2014.04.30 03:17:18.089,1.96443,1.96486,1.19,1.27
2014.04.30 03:17:21.796,1.96443,1.96486,1.00,1.27
2014.04.30 03:17:25.101,1.96443,1.96486,1.00,1.27
2014.04.30 03:17:26.836,1.96443,1.96486,1.00,1.27
2014.04.30 03:17:32.120,1.96443,1.96486,1.00,1.27
2014.04.30 03:17:34.923,1.96443,1.96486,1.00,1.27
2014.04.30 03:17:37.864,1.96443,1.96478,1.00,1.29
2014.04.30 03:17:38.169,1.96443,1.96475,1.00,1.02
2014.04.30 03:17:38.422,1.96433,1.96475,1.34,1.02
2014.04.30 03:17:39.135,1.96433,1.96474,1.34,1.34
2014.04.30 03:17:39.839,1.96433,1.96474,1.00,1.34
2014.04.30 03:17:39.991,1.9643,1.96474,1.00,1.34
2014.04.30 03:17:40.370,1.96428,1.96466,1.34,1.19
2014.04.30 03:17:41.378,1.96437,1.96466,1.09,1.19
2014.04.30 03:17:41.481,1.96437,1.96473,1.09,1.19
2014.04.30 03:17:41.734,1.96432,1.96459,1.99,1.00
2014.04.30 03:17:41.835,1.9642,1.96459,2.85,1.00
2014.04.30 03:17:42.364,1.9642,1.96459,2.03,1.00
2014.04.30 03:17:42.699,1.96426,1.96466,1.59,1.19
2014.04.30 03:17:43.686,1.96426,1.96466,1.34,1.19
2014.04.30 03:17:44.011,1.96437,1.96478,1.34,1.19
2014.04.30 03:17:44.088,1.96437,1.96478,1.00,1.19
2014.04.30 03:17:44.139,1.96428,1.96465,2.18,1.00
2014.04.30 03:17:46.375,1.96433,1.96465,1.84,1.00
2014.04.30 03:17:46.476,1.96437,1.96478,1.34,1.19
2014.04.30 03:17:46.678,1.96427,1.96466,2.18,1.00
2014.04.30 03:17:51.089,1.96427,1.96466,1.84,1.19
2014.04.30 03:17:52.327,1.96435,1.96466,2.03,1.00
2014.04.30 03:17:52.378,1.96438,1.96474,1.34,1.00
2014.04.30 03:17:52.479,1.96438,1.96477,1.34,1.19
2014.04.30 03:17:52.630,1.96443,1.96481,1.00,1.19
2014.04.30 03:17:53.308,1.96443,1.96481,1.00,1.19
2014.04.30 03:17:54.431,1.96443,1.96481,1.00,1.19
2014.04.30 03:17:54.633,1.96446,1.96481,1.84,1.19
2014.04.30 03:17:55.405,1.96449,1.96489,1.34,1.19
2014.04.30 03:17:57.221,1.96449,1.96489,1.34,1.19
2014.04.30 03:18:00.853,1.96449,1.96489,1.34,1.19
2014.04.30 03:18:04.156,1.96447,1.96488,1.42,1.19
2014.04.30 03:18:05.143,1.96447,1.96488,1.67,1.25
2014.04.30 03:18:06.141,1.96447,1.96486,1.59,1.00
2014.04.30 03:18:07.170,1.96447,1.96486,1.34,1.19
2014.04.30 03:18:08.172,1.96447,1.96486,1.34,1.19
2014.04.30 03:18:14.394,1.96447,1.96488,1.53,1.19
2014.04.30 03:18:22.214,1.96447,1.96488,1.59,1.19
2014.04.30 03:18:23.632,1.96455,1.96488,1.00,1.19
2014.04.30 03:18:25.942,1.96455,1.96492,1.09,1.19
2014.04.30 03:18:29.143,1.96455,1.96492,1.09,1.19
2014.04.30 03:18:30.435,1.96455,1.96492,1.09,1.19
2014.04.30 03:18:32.347,1.96451,1.96489,1.53,1.00
2014.04.30 03:18:33.082,1.96451,1.96489,1.34,1.19
2014.04.30 03:18:34.279,1.9645,1.96488,1.84,1.25
2014.04.30 03:18:35.345,1.9645,1.96488,1.84,1.19
2014.04.30 03:18:37.191,1.9645,1.96488,1.84,1.25
2014.04.30 03:18:38.657,1.96455,1.96496,1.09,1.19
2014.04.30 03:18:42.669,1.96455,1.96496,1.09,1.19
2014.04.30 03:18:43.635,1.9645,1.96489,2.03,1.00
2014.04.30 03:18:44.626,1.96455,1.96496,1.09,1.19
2014.04.30 03:18:44.878,1.9646,1.965,1.00,1.19
2014.04.30 03:18:45.276,1.9646,1.96501,1.00,1.19
2014.04.30 03:18:46.980,1.9646,1.96501,1.00,1.19
2014.04.30 03:18:47.828,1.96461,1.96501,1.84,1.19
2014.04.30 03:18:48.289,1.96465,1.96501,1.19,1.00
2014.04.30 03:18:48.608,1.96485,1.96523,1.34,1.19
2014.04.30 03:18:49.382,1.9648,1.96524,1.19,1.19
2014.04.30 03:18:49.921,1.96479,1.96523,1.19,1.37
2014.04.30 03:18:50.123,1.96479,1.96519,1.00,1.19
2014.04.30 03:18:50.174,1.96468,1.96509,1.34,1.00
2014.04.30 03:18:50.386,1.96491,1.96519,1.00,1.57
2014.04.30 03:18:50.437,1.96491,1.96524,1.00,1.21
2014.04.30 03:18:50.588,1.96491,1.96526,1.00,1.19
2014.04.30 03:18:51.469,1.96472,1.96522,1.35,1.19
2014.04.30 03:18:51.908,1.96468,1.9652,2.93,1.19
2014.04.30 03:18:56.849,1.96468,1.96522,2.78,1.34
2014.04.30 03:19:01.599,1.96468,1.9652,2.78,1.34
2014.04.30 03:19:02.589,1.96468,1.96522,2.78,1.34
2014.04.30 03:19:05.276,1.96468,1.96522,2.78,1.84
2014.04.30 03:19:09.726,1.96468,1.96519,2.78,1.37
2014.04.30 03:19:10.935,1.96468,1.96521,2.78,1.34
2014.04.30 03:19:11.932,1.96468,1.9652,2.78,1.34
2014.04.30 03:19:15.412,1.96481,1.9652,1.00,1.34
2014.04.30 03:19:15.633,1.96471,1.9652,1.13,1.19
2014.04.30 03:19:16.120,1.96471,1.96521,1.13,1.19
2014.04.30 03:19:25.096,1.96472,1.9652,1.13,1.69
2014.04.30 03:19:28.153,1.96472,1.96519,1.13,1.19
2014.04.30 03:19:30.863,1.9647,1.9652,1.68,1.19
2014.04.30 03:19:33.035,1.9647,1.9652,1.68,1.19
2014.04.30 03:19:34.277,1.96468,1.9652,2.10,1.19
2014.04.30 03:19:36.205,1.96468,1.9652,2.10,1.69
2014.04.30 03:19:37.904,1.96468,1.96518,2.10,1.19
2014.04.30 03:19:38.990,1.96468,1.9652,2.10,1.69
2014.04.30 03:19:39.220,1.96472,1.9652,1.24,1.19
2014.04.30 03:19:39.833,1.96479,1.9652,1.00,1.19
2014.04.30 03:19:40.226,1.96471,1.96521,1.73,1.19
2014.04.30 03:19:46.945,1.96471,1.96521,1.73,1.69
2014.04.30 03:19:48.951,1.96471,1.9652,1.35,1.19
2014.04.30 03:19:55.266,1.96471,1.96521,1.35,1.19
2014.04.30 03:19:56.384,1.96471,1.9652,1.64,1.19
2014.04.30 03:19:56.536,1.96469,1.9652,1.05,1.69
2014.04.30 03:19:58.887,1.96469,1.96521,1.05,1.69
2014.04.30 03:20:02.568,1.96473,1.96521,1.00,1.19
2014.04.30 03:20:04.096,1.96473,1.96524,1.19,1.37
2014.04.30 03:20:04.148,1.96478,1.96521,1.00,1.19
2014.04.30 03:20:05.299,1.96478,1.96521,1.00,1.19
2014.04.30 03:20:06.748,1.96476,1.96521,1.25,1.19
2014.04.30 03:20:07.408,1.96479,1.96524,1.00,1.37
2014.04.30 03:20:08.610,1.96479,1.96521,1.00,1.19
2014.04.30 03:20:13.882,1.96479,1.96518,1.00,1.19
2014.04.30 03:20:14.990,1.96479,1.96524,1.00,1.37
2014.04.30 03:20:16.188,1.96479,1.96523,1.00,1.29
2014.04.30 03:20:19.859,1.96479,1.96524,1.00,1.34
2014.04.30 03:20:22.065,1.96479,1.96525,1.00,1.84
2014.04.30 03:20:23.168,1.96479,1.96524,1.00,1.34
2014.04.30 03:20:27.090,1.96479,1.96525,1.19,1.34
2014.04.30 03:20:30.284,1.96479,1.96525,1.00,1.34
2014.04.30 03:20:33.935,1.96482,1.96526,1.00,1.34
2014.04.30 03:20:34.946,1.96482,1.96527,1.00,1.77
2014.04.30 03:20:35.459,1.96481,1.96525,1.18,1.19
2014.04.30 03:20:37.103,1.96481,1.96525,1.09,1.19
2014.04.30 03:20:38.607,1.96481,1.96525,1.18,1.19
2014.04.30 03:20:39.810,1.96481,1.96525,1.18,1.19
2014.04.30 03:20:40.972,1.96481,1.96525,1.09,1.19
2014.04.30 03:20:43.841,1.96481,1.96525,1.18,1.19
2014.04.30 03:20:44.946,1.96481,1.96525,1.18,1.19
2014.04.30 03:20:46.049,1.96481,1.96525,1.18,1.19
2014.04.30 03:20:47.852,1.96481,1.96525,1.09,1.19
2014.04.30 03:20:51.659,1.96481,1.96531,1.37,1.19
2014.04.30 03:20:52.664,1.96481,1.96531,1.37,1.19
2014.04.30 03:20:54.067,1.96481,1.96532,1.37,1.29
2014.04.30 03:20:56.879,1.96481,1.96532,1.34,1.19
2014.04.30 03:21:00.784,1.96481,1.96532,1.34,1.19
2014.04.30 03:21:01.287,1.96481,1.96532,1.15,1.19
2014.04.30 03:21:01.540,1.96475,1.96532,1.34,1.84
2014.04.30 03:21:02.430,1.96475,1.96528,1.34,1.19
2014.04.30 03:21:04.799,1.96475,1.96533,1.40,1.34
2014.04.30 03:21:06.003,1.96475,1.96534,1.34,1.34
2014.04.30 03:21:07.321,1.96475,1.96528,1.34,1.19
2014.04.30 03:21:08.224,1.96475,1.96529,1.34,1.29
2014.04.30 03:21:15.878,1.96475,1.96529,1.34,1.29
2014.04.30 03:21:16.530,1.96474,1.96527,1.69,1.02
2014.04.30 03:21:16.853,1.96472,1.96525,1.53,1.84
2014.04.30 03:21:17.961,1.96476,1.96525,1.19,1.34
2014.04.30 03:21:18.264,1.96485,1.96536,1.34,1.69
2014.04.30 03:21:20.771,1.96477,1.96532,1.34,1.19
2014.04.30 03:21:23.529,1.96485,1.96533,1.00,1.29
2014.04.30 03:21:23.864,1.96476,1.96527,1.19,1.34
2014.04.30 03:21:23.967,1.96475,1.96523,1.00,1.34
2014.04.30 03:21:24.502,1.96474,1.96523,1.25,1.34
2014.04.30 03:21:25.068,1.96475,1.96523,1.00,1.34
2014.04.30 03:21:25.212,1.96475,1.9652,1.00,1.37
2014.04.30 03:21:26.623,1.96475,1.96524,1.25,1.77
2014.04.30 03:21:28.784,1.96475,1.96524,1.25,1.02
2014.04.30 03:21:29.887,1.96475,1.96524,1.19,1.02
2014.04.30 03:21:30.894,1.96475,1.96524,1.19,1.02
2014.04.30 03:21:31.898,1.96475,1.96524,1.25,1.02
2014.04.30 03:21:32.901,1.96475,1.96524,1.19,1.02
2014.04.30 03:21:40.453,1.96476,1.96524,1.00,1.77
2014.04.30 03:21:43.697,1.96476,1.96523,1.25,1.34
2014.04.30 03:21:44.685,1.96476,1.96525,1.25,1.34
2014.04.30 03:21:46.076,1.96476,1.96524,1.00,1.34
2014.04.30 03:21:47.783,1.96476,1.96524,1.19,1.34
2014.04.30 03:21:49.311,1.96476,1.96525,1.19,1.34
2014.04.30 03:21:50.893,1.96476,1.96524,1.19,1.34
2014.04.30 03:21:52.316,1.96475,1.96526,1.69,1.02
2014.04.30 03:21:53.503,1.96475,1.96525,1.69,1.34
2014.04.30 03:21:55.947,1.96475,1.96524,1.69,1.34
2014.04.30 03:22:03.597,1.96476,1.96524,1.00,1.34
2014.04.30 03:22:04.105,1.96478,1.96524,1.00,1.77
2014.04.30 03:22:05.095,1.96476,1.96524,1.00,1.77
2014.04.30 03:22:05.800,1.96474,1.96524,1.28,1.77
2014.04.30 03:22:06.870,1.96474,1.96521,1.09,1.34
2014.04.30 03:22:07.973,1.96474,1.96522,1.28,1.34
2014.04.30 03:22:08.984,1.96475,1.96524,1.19,1.77
2014.04.30 03:22:10.889,1.96476,1.96521,1.00,1.34
2014.04.30 03:22:12.795,1.96476,1.96524,1.25,1.02
2014.04.30 03:22:14.301,1.96476,1.96523,1.25,1.34
2014.04.30 03:22:16.832,1.96476,1.96524,1.19,1.02
2014.04.30 03:22:19.139,1.96476,1.96523,1.25,1.34
2014.04.30 03:22:20.142,1.96476,1.96524,1.19,1.77
2014.04.30 03:22:22.170,1.96476,1.96524,1.25,1.02
2014.04.30 03:22:23.852,1.96476,1.96524,1.19,1.77
2014.04.30 03:22:25.358,1.96476,1.96525,1.25,1.77
2014.04.30 03:22:26.460,1.96476,1.96525,1.19,1.77
2014.04.30 03:22:28.584,1.96475,1.96525,1.00,1.77
2014.04.30 03:22:28.635,1.96465,1.96524,1.34,1.34
2014.04.30 03:22:29.669,1.96465,1.96521,1.34,1.34
2014.04.30 03:22:30.874,1.96465,1.96519,1.34,1.27
2014.04.30 03:22:31.876,1.96465,1.96519,1.34,1.27
2014.04.30 03:22:32.931,1.96465,1.96519,1.34,1.27
2014.04.30 03:22:35.086,1.96465,1.96524,1.34,1.34
2014.04.30 03:22:36.089,1.96465,1.96522,1.34,1.34
2014.04.30 03:22:37.091,1.96465,1.96522,1.34,1.34
2014.04.30 03:22:39.800,1.96462,1.96521,1.02,1.34
2014.04.30 03:22:42.310,1.96462,1.9652,1.02,1.37
2014.04.30 03:22:43.689,1.96462,1.96519,1.30,1.27
2014.04.30 03:22:44.875,1.96464,1.96519,1.30,1.19
2014.04.30 03:22:48.128,1.96464,1.9652,1.30,1.29
2014.04.30 03:22:49.804,1.96461,1.96516,1.98,1.19
2014.04.30 03:22:50.908,1.96464,1.96514,1.02,1.19
2014.04.30 03:22:54.617,1.96464,1.96517,1.02,1.19
2014.04.30 03:23:00.932,1.96464,1.96518,1.02,1.19
2014.04.30 03:23:03.437,1.96464,1.96517,1.02,1.19
2014.04.30 03:23:05.344,1.96464,1.96518,1.02,1.19
2014.04.30 03:23:06.849,1.96464,1.9652,1.02,1.29
2014.04.30 03:23:12.885,1.96464,1.96522,1.30,1.27
2014.04.30 03:23:13.213,1.96465,1.96522,1.34,1.27
2014.04.30 03:23:13.289,1.96464,1.96522,1.02,1.27
2014.04.30 03:23:14.691,1.96464,1.96524,1.02,1.84
2014.04.30 03:23:18.701,1.96465,1.9652,1.34,1.29
2014.04.30 03:23:19.305,1.96464,1.96522,1.02,1.27
2014.04.30 03:23:24.319,1.96461,1.96526,1.98,1.84
2014.04.30 03:23:25.161,1.96461,1.96525,1.98,1.02
2014.04.30 03:23:25.706,1.9646,1.96525,1.98,1.77
2014.04.30 03:23:31.039,1.96462,1.96523,1.02,1.34
2014.04.30 03:23:31.673,1.96466,1.96523,1.02,1.27
2014.04.30 03:23:32.140,1.96469,1.96526,1.98,1.69
2014.04.30 03:23:34.168,1.96471,1.96523,1.02,1.19
2014.04.30 03:23:35.348,1.96471,1.96524,1.02,1.19
2014.04.30 03:23:37.972,1.96472,1.96526,1.34,1.19
2014.04.30 03:23:40.080,1.96471,1.96526,1.02,1.69
2014.04.30 03:23:43.588,1.96469,1.96526,1.50,1.19
2014.04.30 03:23:44.393,1.96469,1.96523,1.50,1.19
2014.04.30 03:23:45.596,1.9647,1.96524,1.02,1.19
2014.04.30 03:23:46.904,1.96469,1.96522,1.50,1.19
2014.04.30 03:23:48.105,1.96469,1.96522,1.50,1.19
2014.04.30 03:23:51.516,1.96471,1.96522,1.02,1.19
2014.04.30 03:23:52.721,1.96471,1.96524,1.02,1.19
2014.04.30 03:23:55.138,1.96471,1.96526,1.77,1.69
2014.04.30 03:23:56.131,1.96471,1.96526,1.77,1.19
2014.04.30 03:24:05.878,1.9647,1.96525,1.98,1.19
2014.04.30 03:24:12.170,1.9647,1.96525,1.98,1.19
2014.04.30 03:24:17.801,1.9647,1.96525,1.98,1.19
2014.04.30 03:24:18.804,1.9647,1.96525,1.98,1.19
2014.04.30 03:24:27.924,1.9647,1.96522,1.50,1.19
2014.04.30 03:24:30.046,1.9647,1.96522,1.50,1.19
2014.04.30 03:24:33.107,1.9647,1.96522,1.50,1.19
2014.04.30 03:24:35.142,1.9647,1.96522,1.50,1.19
2014.04.30 03:24:40.756,1.96474,1.96522,1.34,1.00
2014.04.30 03:24:42.181,1.96474,1.96522,1.34,1.00
2014.04.30 03:24:45.088,1.96471,1.96522,1.02,1.19
2014.04.30 03:24:48.897,1.9647,1.96522,1.98,1.69
2014.04.30 03:24:49.943,1.96471,1.96522,1.02,1.19
2014.04.30 03:24:53.904,1.96472,1.96522,1.02,1.19
2014.04.30 03:24:54.615,1.9647,1.96522,1.50,1.19
2014.04.30 03:24:54.809,1.9647,1.96522,1.50,1.19
2014.04.30 03:24:56.923,1.9647,1.96522,1.98,1.19
2014.04.30 03:24:59.226,1.9647,1.96522,1.98,1.19
2014.04.30 03:25:00.529,1.96471,1.96522,1.02,1.19
2014.04.30 03:25:01.659,1.96472,1.96524,1.02,1.19
2014.04.30 03:25:02.154,1.9647,1.96523,1.02,1.27
2014.04.30 03:25:02.267,1.96465,1.96523,2.52,1.27
2014.04.30 03:25:02.483,1.96469,1.96523,1.02,1.19
2014.04.30 03:25:08.787,1.96471,1.96524,1.02,1.19
2014.04.30 03:25:09.784,1.96471,1.96524,1.02,1.19
2014.04.30 03:25:10.798,1.96468,1.96524,1.50,1.19
2014.04.30 03:25:11.000,1.96468,1.96523,1.50,1.19
2014.04.30 03:25:14.819,1.96468,1.96522,1.98,1.19
2014.04.30 03:25:15.625,1.96468,1.96524,1.50,1.19
2014.04.30 03:25:15.726,1.96468,1.96522,1.50,1.19
2014.04.30 03:25:16.472,1.96462,1.96522,1.02,1.27
2014.04.30 03:25:17.303,1.96462,1.96522,1.02,1.27
2014.04.30 03:25:17.455,1.96466,1.96523,2.08,1.29
2014.04.30 03:25:17.684,1.96466,1.96523,2.08,1.27
2014.04.30 03:25:17.785,1.96466,1.96523,2.08,1.29
2014.04.30 03:25:18.412,1.9647,1.96523,1.02,1.19
2014.04.30 03:25:20.655,1.96468,1.96522,1.50,1.19
2014.04.30 03:25:21.492,1.96462,1.96523,1.02,1.34
2014.04.30 03:25:21.825,1.96463,1.96522,1.34,1.37
2014.04.30 03:25:22.193,1.96469,1.96522,1.02,1.19
2014.04.30 03:25:23.347,1.96469,1.96523,1.02,1.19
2014.04.30 03:25:23.965,1.96466,1.96523,1.02,1.27
2014.04.30 03:25:24.016,1.96462,1.96523,1.02,1.34
2014.04.30 03:25:25.277,1.96465,1.96523,1.34,1.34
2014.04.30 03:25:26.268,1.96468,1.96523,1.02,1.19
2014.04.30 03:25:26.339,1.96468,1.96523,1.02,1.19
2014.04.30 03:25:28.743,1.96469,1.96523,1.34,1.19
2014.04.30 03:25:30.779,1.96468,1.96523,1.02,1.19
2014.04.30 03:25:31.697,1.96468,1.96523,1.30,1.19
2014.04.30 03:25:32.886,1.96468,1.96523,1.02,1.19
2014.04.30 03:25:33.225,1.96475,1.96525,1.29,1.19
2014.04.30 03:25:39.900,1.96475,1.96525,1.29,1.19
2014.04.30 03:25:40.593,1.96505,1.96525,1.00,1.19
2014.04.30 03:25:40.644,1.96505,1.96533,1.00,1.77
2014.04.30 03:25:40.796,1.96505,1.96533,1.00,1.19
2014.04.30 03:25:40.898,1.96492,1.96533,1.34,1.19
2014.04.30 03:25:40.948,1.96488,1.96516,1.02,1.00
2014.04.30 03:25:41.201,1.96476,1.96516,1.02,1.00
2014.04.30 03:25:41.251,1.96475,1.96516,2.08,1.19
2014.04.30 03:25:41.303,1.96475,1.96516,1.33,1.19
2014.04.30 03:25:42.713,1.96475,1.96526,1.33,1.19
2014.04.30 03:25:44.620,1.96475,1.96526,1.27,1.69
2014.04.30 03:25:47.562,1.96475,1.96526,1.27,1.69
2014.04.30 03:25:49.535,1.96475,1.96526,1.27,1.19
2014.04.30 03:25:56.265,1.96475,1.96527,1.02,1.19
2014.04.30 03:25:57.074,1.96475,1.96533,1.02,1.29
2014.04.30 03:26:02.086,1.96476,1.96535,1.15,1.37
2014.04.30 03:26:02.932,1.96476,1.96535,1.34,1.84
2014.04.30 03:26:03.282,1.96482,1.96535,1.30,1.69
2014.04.30 03:26:03.904,1.96482,1.96535,1.02,1.69
2014.04.30 03:26:05.396,1.96482,1.96535,1.02,1.19
2014.04.30 03:26:06.801,1.9648,1.96537,1.50,1.19
2014.04.30 03:26:08.207,1.96482,1.96531,1.30,1.19
2014.04.30 03:26:09.633,1.9648,1.96535,1.50,1.19
2014.04.30 03:26:10.914,1.9648,1.96535,1.98,1.19
2014.04.30 03:26:12.317,1.9648,1.96537,1.50,1.19
2014.04.30 03:26:14.634,1.96485,1.96536,1.34,1.19
2014.04.30 03:26:15.624,1.96485,1.96537,1.34,1.19
2014.04.30 03:26:18.432,1.96485,1.96539,1.34,1.27
2014.04.30 03:26:19.252,1.96478,1.96536,1.34,1.34
2014.04.30 03:26:19.838,1.96476,1.96536,1.34,1.34
2014.04.30 03:26:20.841,1.96475,1.96535,1.02,1.37
2014.04.30 03:26:23.951,1.96475,1.96535,1.77,1.37
2014.04.30 03:26:26.917,1.96475,1.96536,1.02,1.84
2014.04.30 03:26:28.154,1.96475,1.96527,1.02,1.19
2014.04.30 03:26:28.923,1.96473,1.96527,1.37,1.37
2014.04.30 03:26:29.122,1.96472,1.96527,1.43,1.37
2014.04.30 03:26:30.212,1.96472,1.96527,1.35,1.77
2014.04.30 03:26:30.592,1.96469,1.96524,1.53,1.34
2014.04.30 03:26:32.235,1.96466,1.96523,1.68,1.34
2014.04.30 03:26:34.444,1.96464,1.96525,2.18,1.34
2014.04.30 03:26:38.056,1.96465,1.96526,1.68,1.77
2014.04.30 03:26:38.157,1.96467,1.96523,1.70,1.34
2014.04.30 03:26:39.159,1.96467,1.96522,1.70,1.34
2014.04.30 03:26:40.192,1.96469,1.96524,1.53,1.34
2014.04.30 03:26:40.536,1.96476,1.96524,1.27,1.27
2014.04.30 03:26:40.788,1.96469,1.96524,1.68,1.19
2014.04.30 03:26:40.990,1.96477,1.96527,1.34,1.19
2014.04.30 03:26:42.072,1.96476,1.96527,1.34,1.19
2014.04.30 03:26:45.410,1.96477,1.96527,1.34,1.19
2014.04.30 03:26:48.616,1.9648,1.96527,1.27,1.25
2014.04.30 03:26:49.085,1.9648,1.96517,1.19,1.00
2014.04.30 03:26:49.618,1.96476,1.96517,1.19,1.00
2014.04.30 03:26:51.623,1.96476,1.96517,1.19,1.00
2014.04.30 03:26:54.532,1.96476,1.96517,1.00,1.25
2014.04.30 03:26:54.583,1.96473,1.96517,1.25,1.25
2014.04.30 03:26:54.773,1.96466,1.96515,1.34,1.00
2014.04.30 03:26:55.636,1.96468,1.96515,1.34,1.25
2014.04.30 03:26:57.843,1.96469,1.96515,1.34,1.00
2014.04.30 03:27:03.812,1.96486,1.96515,1.00,1.00
2014.04.30 03:27:04.015,1.96487,1.96528,1.30,1.00
2014.04.30 03:27:04.066,1.96488,1.96528,1.34,1.00
2014.04.30 03:27:04.268,1.96486,1.96519,1.00,1.00
2014.04.30 03:27:08.322,1.96476,1.96519,1.27,1.00
2014.04.30 03:27:08.772,1.96478,1.96521,2.03,1.19
2014.04.30 03:27:09.102,1.96486,1.96525,1.77,1.00
2014.04.30 03:27:09.305,1.96486,1.9652,1.33,1.00
2014.04.30 03:27:09.406,1.96478,1.96515,1.27,1.00
2014.04.30 03:27:09.716,1.96478,1.9652,1.27,1.00
2014.04.30 03:27:13.087,1.96473,1.9652,1.34,1.25
2014.04.30 03:27:14.042,1.96485,1.9652,1.00,1.25
2014.04.30 03:27:14.359,1.96486,1.96527,1.02,1.00
2014.04.30 03:27:14.662,1.96486,1.96536,1.02,1.19
2014.04.30 03:27:14.763,1.96484,1.96536,1.02,1.19
2014.04.30 03:27:14.814,1.96481,1.96536,1.34,1.19
2014.04.30 03:27:15.407,1.9648,1.96536,1.34,1.19
2014.04.30 03:27:17.211,1.96482,1.96536,1.34,1.19
2014.04.30 03:27:19.829,1.96478,1.96536,1.64,1.19
2014.04.30 03:27:20.142,1.96478,1.96536,1.64,1.19
2014.04.30 03:27:20.243,1.96482,1.96536,1.34,1.19
2014.04.30 03:27:22.978,1.96485,1.96536,1.29,1.19
2014.04.30 03:27:24.933,1.96484,1.96536,1.37,1.19
2014.04.30 03:27:26.139,1.96482,1.96534,1.34,1.19
2014.04.30 03:27:29.849,1.96486,1.96537,1.19,1.29
2014.04.30 03:27:31.066,1.96485,1.96537,1.29,1.29
2014.04.30 03:27:32.805,1.96485,1.96534,1.29,1.19
2014.04.30 03:27:34.622,1.96485,1.96534,1.94,1.19
2014.04.30 03:27:35.466,1.96486,1.96534,1.02,1.19
2014.04.30 03:27:38.071,1.96486,1.96534,1.02,1.19
2014.04.30 03:27:38.173,1.96496,1.96537,1.00,1.19
2014.04.30 03:27:38.351,1.96486,1.96537,1.77,1.19
2014.04.30 03:27:39.075,1.96486,1.96537,2.52,1.19
2014.04.30 03:27:41.074,1.96486,1.96537,1.77,1.19
2014.04.30 03:27:42.380,1.96486,1.96537,2.52,1.19
2014.04.30 03:27:45.921,1.96488,1.96537,1.34,1.19
2014.04.30 03:27:50.921,1.96486,1.96537,1.77,1.19
2014.04.30 03:27:52.236,1.96486,1.96536,1.77,1.19
2014.04.30 03:27:54.010,1.96486,1.96537,1.77,1.69
2014.04.30 03:27:55.082,1.96486,1.96537,1.34,1.69
2014.04.30 03:27:55.766,1.96486,1.96537,1.34,1.69
2014.04.30 03:27:59.119,1.96486,1.96537,1.34,1.19
2014.04.30 03:28:02.955,1.96487,1.96537,1.02,1.19
2014.04.30 03:28:03.230,1.96491,1.96537,1.02,1.19
2014.04.30 03:28:06.051,1.96491,1.96537,1.02,1.19
2014.04.30 03:28:10.888,1.96492,1.96539,1.34,1.19
2014.04.30 03:28:12.379,1.96492,1.96539,1.34,1.25
2014.04.30 03:28:15.497,1.96493,1.96539,1.34,1.00
2014.04.30 03:28:15.622,1.96492,1.96539,1.15,1.19
2014.04.30 03:28:15.723,1.96497,1.96539,1.50,1.25
2014.04.30 03:28:16.175,1.96497,1.96537,1.50,1.00
2014.04.30 03:28:16.377,1.96493,1.96537,1.02,1.00
2014.04.30 03:28:17.094,1.96493,1.96537,1.02,1.19
2014.04.30 03:28:18.296,1.96491,1.96537,1.02,1.19
2014.04.30 03:28:19.740,1.96493,1.96539,1.02,1.19
2014.04.30 03:28:20.750,1.96493,1.96539,1.02,1.19
2014.04.30 03:28:22.303,1.96493,1.96539,1.02,1.19
2014.04.30 03:28:23.407,1.96493,1.96539,1.02,1.25
2014.04.30 03:28:30.508,1.96497,1.96542,1.02,1.19
2014.04.30 03:28:31.086,1.96498,1.96542,1.02,1.19
2014.04.30 03:28:32.987,1.96497,1.96542,1.27,1.19
2014.04.30 03:28:33.038,1.96491,1.96542,1.34,1.19
2014.04.30 03:28:34.043,1.96491,1.96541,1.34,1.19
2014.04.30 03:28:38.857,1.9649,1.96541,1.02,1.19
2014.04.30 03:28:40.379,1.96495,1.96541,1.15,1.19
2014.04.30 03:28:41.065,1.96495,1.96541,1.34,1.19
2014.04.30 03:28:45.073,1.96495,1.96541,1.34,1.19
2014.04.30 03:28:45.877,1.96495,1.96541,1.15,1.19
2014.04.30 03:28:45.990,1.96495,1.96541,1.34,1.19
2014.04.30 03:28:47.082,1.96495,1.96543,1.34,1.19
2014.04.30 03:28:49.795,1.96495,1.96542,1.15,1.19
2014.04.30 03:28:52.810,1.96494,1.96543,1.34,1.19
2014.04.30 03:28:53.435,1.96489,1.96543,1.02,1.19
2014.04.30 03:28:53.953,1.96489,1.96534,1.02,1.00
2014.04.30 03:28:54.523,1.96492,1.96535,1.34,1.25
2014.04.30 03:28:55.016,1.96492,1.96535,1.15,1.19
2014.04.30 03:28:56.118,1.96492,1.96535,1.40,1.19
2014.04.30 03:29:00.489,1.96492,1.96535,1.34,1.25
2014.04.30 03:29:10.580,1.96492,1.96535,1.68,1.25
2014.04.30 03:29:10.925,1.965,1.96539,1.00,1.19
2014.04.30 03:29:11.230,1.96506,1.96539,1.00,1.19
2014.04.30 03:29:11.603,1.96511,1.96545,1.00,1.19
2014.04.30 03:29:12.791,1.96511,1.9655,1.00,1.19
2014.04.30 03:29:14.898,1.96511,1.96551,1.00,1.19
2014.04.30 03:29:16.037,1.96511,1.96547,1.00,1.19
2014.04.30 03:29:16.367,1.96514,1.96547,1.00,1.19
2014.04.30 03:29:16.879,1.96505,1.96547,1.84,1.19
2014.04.30 03:29:17.355,1.96505,1.96552,1.84,1.29
2014.04.30 03:29:20.150,1.96505,1.96553,1.34,1.27
2014.04.30 03:29:21.116,1.96506,1.96551,1.09,1.19
2014.04.30 03:29:21.647,1.96515,1.96558,1.00,1.84
2014.04.30 03:29:22.489,1.96514,1.96557,1.00,1.34
2014.04.30 03:29:23.350,1.96514,1.96552,1.00,1.29
2014.04.30 03:29:24.391,1.96513,1.96552,1.00,1.29
2014.04.30 03:29:24.894,1.96512,1.96552,1.00,1.29
2014.04.30 03:29:26.866,1.96512,1.96551,1.00,1.19
2014.04.30 03:29:30.888,1.96512,1.96555,1.00,1.34
2014.04.30 03:29:37.826,1.96512,1.96551,1.00,1.34
2014.04.30 03:29:37.927,1.96508,1.96549,1.00,1.37
2014.04.30 03:29:38.114,1.96502,1.96541,1.25,1.00
2014.04.30 03:29:38.832,1.96502,1.96541,1.00,1.19
2014.04.30 03:29:43.376,1.96502,1.96541,1.00,1.19
2014.04.30 03:29:44.852,1.96502,1.96541,1.00,1.19
2014.04.30 03:29:47.875,1.96502,1.96541,1.00,1.19
2014.04.30 03:29:49.079,1.96502,1.96541,1.00,1.69
2014.04.30 03:29:49.889,1.96501,1.9654,1.00,1.19
2014.04.30 03:29:54.725,1.96501,1.96539,1.00,1.19
2014.04.30 03:29:55.906,1.96501,1.9654,1.00,1.19
2014.04.30 03:29:57.104,1.96501,1.9654,1.00,1.69
2014.04.30 03:29:58.110,1.96501,1.96539,1.00,1.19
2014.04.30 03:30:00.280,1.96501,1.96537,1.00,1.02
2014.04.30 03:30:00.788,1.96501,1.96539,1.00,1.34
2014.04.30 03:30:01.341,1.96501,1.9654,1.00,1.84
2014.04.30 03:30:01.889,1.965,1.96539,1.00,1.34
2014.04.30 03:30:02.433,1.96498,1.96536,1.34,1.27
2014.04.30 03:30:03.365,1.96498,1.96536,1.34,1.27
2014.04.30 03:30:08.376,1.96498,1.96536,1.34,1.27
2014.04.30 03:30:11.887,1.96498,1.96536,1.34,1.77
2014.04.30 03:30:12.190,1.96493,1.96522,1.00,1.02
2014.04.30 03:30:12.291,1.96493,1.96528,1.00,1.94
2014.04.30 03:30:12.445,1.96471,1.96509,1.77,1.00
2014.04.30 03:30:12.546,1.9647,1.96509,1.27,1.00
2014.04.30 03:30:12.699,1.96465,1.96503,1.02,1.00
2014.04.30 03:30:13.462,1.96472,1.96514,1.25,1.02
2014.04.30 03:30:13.514,1.96472,1.96518,1.25,1.34
2014.04.30 03:30:14.099,1.96472,1.96518,1.19,1.19
2014.04.30 03:30:16.807,1.96472,1.96518,1.25,1.19
2014.04.30 03:30:16.985,1.96475,1.96518,1.00,1.19
2014.04.30 03:30:17.403,1.96477,1.96521,1.00,1.27
2014.04.30 03:30:18.117,1.96477,1.96523,1.00,1.37
2014.04.30 03:30:22.861,1.96474,1.96519,1.19,1.19
2014.04.30 03:30:23.955,1.96474,1.96519,1.19,1.19
2014.04.30 03:30:31.072,1.96474,1.96519,1.19,1.19
2014.04.30 03:30:31.240,1.9647,1.96511,1.39,1.00
2014.04.30 03:30:31.389,1.96476,1.96515,1.00,1.00
2014.04.30 03:30:31.720,1.96482,1.96522,1.00,1.19
2014.04.30 03:30:32.074,1.96482,1.96522,1.00,1.19
2014.04.30 03:30:33.377,1.96482,1.96522,1.19,1.00
2014.04.30 03:30:35.230,1.96482,1.96522,1.19,1.00
2014.04.30 03:30:36.187,1.96482,1.96522,1.19,1.00
2014.04.30 03:30:36.952,1.96483,1.96524,1.19,1.19
2014.04.30 03:30:37.592,1.96483,1.96524,1.19,1.25
2014.04.30 03:30:42.942,1.96483,1.96524,1.00,1.19
2014.04.30 03:30:51.198,1.96483,1.96524,1.19,1.19
2014.04.30 03:30:53.179,1.96482,1.96522,1.19,1.00
2014.04.30 03:30:53.268,1.96482,1.96522,1.25,1.00
2014.04.30 03:30:56.878,1.96482,1.96522,1.19,1.00
2014.04.30 03:31:00.286,1.96482,1.96522,1.19,1.25
2014.04.30 03:31:01.625,1.96482,1.96522,1.00,1.19
2014.04.30 03:31:03.746,1.96485,1.96522,1.00,1.19
2014.04.30 03:31:08.110,1.96482,1.96522,1.00,1.19
2014.04.30 03:31:08.644,1.96483,1.96524,1.00,1.19
2014.04.30 03:31:12.173,1.96483,1.96524,1.00,1.19
2014.04.30 03:31:13.360,1.96483,1.96524,1.00,1.19
2014.04.30 03:31:17.671,1.96483,1.96524,1.00,1.34
2014.04.30 03:31:20.630,1.96477,1.96516,1.53,1.00
2014.04.30 03:31:21.510,1.96479,1.96518,1.00,1.19
2014.04.30 03:31:22.181,1.96479,1.96518,1.00,1.00
2014.04.30 03:31:25.533,1.96479,1.96518,1.00,1.19
2014.04.30 03:31:27.098,1.96479,1.96518,1.00,1.19
2014.04.30 03:31:33.088,1.96479,1.96518,1.00,1.19
2014.04.30 03:31:34.252,1.96479,1.96518,1.00,1.19
2014.04.30 03:31:35.255,1.96479,1.96518,1.00,1.19
2014.04.30 03:31:38.385,1.96479,1.96518,1.00,1.37
2014.04.30 03:31:39.109,1.96476,1.96515,1.34,1.19
2014.04.30 03:31:41.310,1.96477,1.96514,1.34,1.19
2014.04.30 03:31:43.883,1.96478,1.96517,1.09,1.02
2014.04.30 03:31:44.661,1.96478,1.96519,1.09,1.84
2014.04.30 03:31:47.793,1.96478,1.96515,1.09,1.19
2014.04.30 03:31:49.110,1.96478,1.96519,1.00,1.84
2014.04.30 03:31:49.211,1.96475,1.96514,1.00,1.27
2014.04.30 03:31:50.801,1.96475,1.96514,1.00,1.37
2014.04.30 03:31:51.880,1.96478,1.96516,1.00,1.34
2014.04.30 03:31:53.809,1.96478,1.96518,1.00,1.02
2014.04.30 03:31:54.660,1.96474,1.96512,1.19,1.08
2014.04.30 03:31:55.511,1.96474,1.96512,1.00,1.27
2014.04.30 03:31:56.215,1.96475,1.96516,1.00,1.34
2014.04.30 03:31:57.960,1.9648,1.96518,1.00,1.02
2014.04.30 03:31:59.487,1.9648,1.96518,1.00,1.77
2014.04.30 03:32:00.884,1.9648,1.96516,1.00,1.34
2014.04.30 03:32:05.890,1.9648,1.96518,1.00,1.02
2014.04.30 03:32:07.158,1.96477,1.96516,1.00,1.34
2014.04.30 03:32:10.184,1.96477,1.96516,1.00,1.27
2014.04.30 03:32:12.905,1.96477,1.96516,1.00,1.77
2014.04.30 03:32:14.812,1.96477,1.96516,1.00,1.27
2014.04.30 03:32:15.816,1.96477,1.96516,1.00,1.27
2014.04.30 03:32:22.118,1.96478,1.96517,1.00,1.37
2014.04.30 03:32:24.837,1.96478,1.96517,1.00,1.09
2014.04.30 03:32:27.196,1.96478,1.96517,1.00,1.37
2014.04.30 03:32:27.503,1.96468,1.96509,1.53,1.10
2014.04.30 03:32:27.604,1.96468,1.96509,1.00,1.43
2014.04.30 03:32:27.704,1.96451,1.96492,1.69,1.19
2014.04.30 03:32:27.755,1.9645,1.96488,1.29,1.00
2014.04.30 03:32:28.179,1.96445,1.96486,1.19,1.00
2014.04.30 03:32:28.230,1.96445,1.96486,1.00,1.19
2014.04.30 03:32:28.638,1.96452,1.9649,1.00,1.19
2014.04.30 03:32:29.389,1.96452,1.96492,1.00,1.37
2014.04.30 03:32:31.796,1.96452,1.96491,1.00,1.29
2014.04.30 03:32:33.236,1.96452,1.96489,1.00,1.19
2014.04.30 03:32:34.708,1.96452,1.96493,1.00,1.34
2014.04.30 03:32:36.416,1.96452,1.96493,1.00,1.84
2014.04.30 03:32:38.189,1.96446,1.96485,1.25,1.25
2014.04.30 03:32:38.278,1.96457,1.96493,1.00,1.34
2014.04.30 03:32:38.798,1.96463,1.96493,1.00,1.34
2014.04.30 03:32:40.929,1.96463,1.96495,1.00,1.34
2014.04.30 03:32:44.180,1.96463,1.96494,1.00,1.34
2014.04.30 03:32:48.977,1.96463,1.96493,1.00,1.37
2014.04.30 03:32:50.402,1.96463,1.96495,1.00,1.34
2014.04.30 03:32:50.730,1.96458,1.96495,1.00,1.34
2014.04.30 03:32:50.930,1.96453,1.96492,1.00,1.29
2014.04.30 03:32:51.610,1.96453,1.96483,1.00,1.19
2014.04.30 03:32:54.128,1.96453,1.96487,1.00,1.19
2014.04.30 03:32:54.692,1.96442,1.9648,1.00,1.19
2014.04.30 03:32:54.743,1.96442,1.96477,1.00,1.19
2014.04.30 03:32:55.848,1.96442,1.96476,1.00,1.29
2014.04.30 03:32:59.924,1.96442,1.96477,1.00,1.27
2014.04.30 03:33:00.780,1.96446,1.96477,1.00,1.27
2014.04.30 03:33:01.049,1.96446,1.96479,1.00,1.34
2014.04.30 03:33:03.278,1.96446,1.9648,1.00,1.69
2014.04.30 03:33:13.076,1.96446,1.96479,1.00,1.19
2014.04.30 03:33:14.407,1.96443,1.96475,1.00,1.19
2014.04.30 03:33:15.585,1.96443,1.9648,1.00,1.19
2014.04.30 03:33:17.395,1.96443,1.96482,1.00,1.29
2014.04.30 03:33:22.870,1.96446,1.96482,1.00,1.19
2014.04.30 03:33:23.813,1.96446,1.96485,1.00,1.29
2014.04.30 03:33:24.429,1.96443,1.96485,1.00,1.29
2014.04.30 03:33:27.955,1.96443,1.96486,1.00,1.64
2014.04.30 03:33:29.062,1.96443,1.96483,1.00,1.57
2014.04.30 03:33:29.177,1.96441,1.96483,1.00,1.57
2014.04.30 03:33:29.380,1.96446,1.96483,1.00,1.57
2014.04.30 03:33:30.120,1.96442,1.96483,1.00,1.57
2014.04.30 03:33:30.650,1.96442,1.96484,1.00,1.57
2014.04.30 03:33:30.938,1.96433,1.96484,1.37,2.07
2014.04.30 03:33:31.708,1.96436,1.96482,1.10,1.32
2014.04.30 03:33:33.076,1.96436,1.96484,1.29,2.07
2014.04.30 03:33:34.280,1.96436,1.96482,1.10,1.32
2014.04.30 03:33:34.664,1.96445,1.96482,1.00,1.32
2014.04.30 03:33:36.886,1.96445,1.96484,1.00,2.07
2014.04.30 03:33:39.496,1.96445,1.96484,1.00,1.57
2014.04.30 03:33:40.725,1.96445,1.96492,1.25,1.29
2014.04.30 03:33:43.405,1.96435,1.96484,1.33,1.19
2014.04.30 03:33:46.837,1.96435,1.96479,1.08,1.19
2014.04.30 03:33:48.117,1.96435,1.96482,1.33,1.19
2014.04.30 03:33:49.369,1.96435,1.96487,1.27,2.07
2014.04.30 03:33:49.421,1.96445,1.96487,1.00,2.07
2014.04.30 03:33:49.573,1.96445,1.96492,1.77,1.00
2014.04.30 03:33:49.624,1.96455,1.96492,1.00,1.00
2014.04.30 03:33:49.675,1.96455,1.96499,1.00,1.29
2014.04.30 03:33:50.433,1.96456,1.96501,1.00,1.19
2014.04.30 03:33:50.877,1.96456,1.96505,1.19,1.19
2014.04.30 03:33:52.167,1.96456,1.96505,1.25,1.19
2014.04.30 03:33:53.373,1.96456,1.96506,1.19,1.19
2014.04.30 03:33:55.907,1.96456,1.96497,1.19,1.00
2014.04.30 03:33:57.992,1.96456,1.96497,1.00,1.19
2014.04.30 03:33:58.607,1.96455,1.96497,1.00,1.19
2014.04.30 03:33:59.997,1.96455,1.96505,1.19,1.34
2014.04.30 03:34:01.803,1.96455,1.96503,1.00,1.34
2014.04.30 03:34:02.339,1.96446,1.96497,1.34,1.19
2014.04.30 03:34:03.776,1.96456,1.96497,1.00,1.19
2014.04.30 03:34:05.099,1.96446,1.96503,1.34,1.34
2014.04.30 03:34:05.150,1.96451,1.96506,1.19,1.34
2014.04.30 03:34:06.146,1.96455,1.96508,1.37,1.29
2014.04.30 03:34:09.853,1.96455,1.96504,1.37,1.19
2014.04.30 03:34:18.571,1.96455,1.96502,1.09,1.19
2014.04.30 03:34:19.921,1.96455,1.96507,1.37,1.19
2014.04.30 03:34:21.901,1.96455,1.96504,1.37,1.19
2014.04.30 03:34:22.892,1.96455,1.96507,1.37,1.19
2014.04.30 03:34:23.690,1.96449,1.96502,1.02,1.19
2014.04.30 03:34:24.692,1.96448,1.96501,1.50,1.19
2014.04.30 03:34:25.895,1.96448,1.96502,1.50,1.32
2014.04.30 03:34:26.080,1.96446,1.96502,1.02,1.32
2014.04.30 03:34:27.302,1.96447,1.96497,1.02,1.19
2014.04.30 03:34:29.307,1.96444,1.96501,1.98,1.19
2014.04.30 03:34:30.100,1.96441,1.96501,1.02,1.37
2014.04.30 03:34:32.819,1.96441,1.96499,1.02,1.27
2014.04.30 03:34:34.942,1.96441,1.96493,1.02,1.19
2014.04.30 03:34:34.993,1.96438,1.96493,1.77,1.27
2014.04.30 03:34:37.349,1.96437,1.96494,1.34,1.27
2014.04.30 03:34:39.153,1.96438,1.9649,1.34,1.19
2014.04.30 03:34:40.858,1.96438,1.96491,1.34,1.19
2014.04.30 03:34:44.368,1.96438,1.9649,1.34,1.19
2014.04.30 03:34:49.682,1.96438,1.96492,1.34,1.29
2014.04.30 03:34:51.789,1.96437,1.96488,1.34,1.19
2014.04.30 03:34:52.943,1.96437,1.96489,1.34,1.19
2014.04.30 03:34:55.154,1.96437,1.96489,1.34,1.19
2014.04.30 03:34:56.606,1.96439,1.9649,1.37,1.19
2014.04.30 03:34:58.010,1.96439,1.96489,1.37,1.19
2014.04.30 03:35:00.439,1.96439,1.96489,1.37,1.19
2014.04.30 03:35:05.853,1.96439,1.96491,1.18,1.00
2014.04.30 03:35:07.857,1.96439,1.96491,1.18,1.19
2014.04.30 03:35:09.087,1.96439,1.9649,1.37,1.19
2014.04.30 03:35:10.105,1.96439,1.96495,1.37,1.34
2014.04.30 03:35:12.092,1.96438,1.96499,1.40,2.22
2014.04.30 03:35:13.413,1.96438,1.96498,1.15,1.34
2014.04.30 03:35:13.575,1.96438,1.96499,1.15,1.47
2014.04.30 03:35:16.141,1.9644,1.96498,1.10,1.02
2014.04.30 03:35:22.939,1.9644,1.96491,1.29,1.29
2014.04.30 03:35:25.626,1.9644,1.96498,1.10,1.02
2014.04.30 03:35:26.812,1.9644,1.96498,1.10,1.77
2014.04.30 03:35:28.839,1.9644,1.96498,1.10,1.02
2014.04.30 03:35:28.941,1.9644,1.96495,1.10,1.34
2014.04.30 03:35:30.144,1.9644,1.96496,1.10,1.34
2014.04.30 03:35:32.149,1.9644,1.96498,1.10,1.77
2014.04.30 03:35:33.878,1.9644,1.96498,1.10,1.02
2014.04.30 03:35:34.003,1.9644,1.96495,1.02,1.34
2014.04.30 03:35:37.867,1.9644,1.96493,1.25,1.34
2014.04.30 03:35:40.573,1.9644,1.96488,1.19,1.27
2014.04.30 03:35:45.490,1.9644,1.96489,1.19,1.27
2014.04.30 03:35:50.903,1.9644,1.96489,1.25,1.27
2014.04.30 03:35:52.359,1.9644,1.96487,1.00,1.29
2014.04.30 03:35:53.136,1.96438,1.96487,1.02,1.29
2014.04.30 03:35:53.960,1.96439,1.96488,1.25,1.27
2014.04.30 03:35:55.847,1.96439,1.96496,1.00,1.02
2014.04.30 03:35:56.601,1.96439,1.96494,1.00,1.02
2014.04.30 03:35:59.455,1.96439,1.96494,1.25,1.02
2014.04.30 03:36:05.717,1.96439,1.9649,1.19,1.37
2014.04.30 03:36:07.377,1.96439,1.96489,1.19,1.27
2014.04.30 03:36:09.682,1.9644,1.96488,1.19,1.34
2014.04.30 03:36:10.885,1.9644,1.96489,1.19,1.34
2014.04.30 03:36:13.291,1.9644,1.96487,1.25,1.34
2014.04.30 03:36:15.599,1.96438,1.96489,1.19,1.27
2014.04.30 03:36:18.857,1.96439,1.96489,1.19,1.27
2014.04.30 03:36:25.641,1.96439,1.96487,1.19,1.19
2014.04.30 03:36:29.052,1.96439,1.96489,1.19,1.27
2014.04.30 03:36:33.161,1.96439,1.96492,1.00,1.34
2014.04.30 03:36:35.609,1.96439,1.96488,1.19,1.27
2014.04.30 03:36:36.396,1.96439,1.96493,1.00,1.02
2014.04.30 03:36:37.374,1.96439,1.96493,1.00,1.77
2014.04.30 03:36:38.579,1.96439,1.96492,1.00,1.34
2014.04.30 03:36:39.582,1.96439,1.96493,1.00,1.77
2014.04.30 03:36:40.886,1.96439,1.96493,1.00,1.77
2014.04.30 03:36:42.208,1.96439,1.96493,1.25,1.77
2014.04.30 03:36:45.295,1.96439,1.96491,1.19,1.34
2014.04.30 03:36:46.829,1.96439,1.96489,1.19,1.37
2014.04.30 03:36:50.533,1.96439,1.96488,1.25,1.27
2014.04.30 03:36:52.837,1.96439,1.96489,1.19,1.37
2014.04.30 03:36:54.342,1.96439,1.96491,1.00,1.34
2014.04.30 03:36:54.645,1.96434,1.96487,1.37,1.27
2014.04.30 03:36:55.748,1.96434,1.96487,1.37,1.29
2014.04.30 03:36:57.653,1.96434,1.96486,1.37,1.19
2014.04.30 03:36:59.159,1.96434,1.96486,1.37,1.19
2014.04.30 03:36:59.676,1.96431,1.96477,1.34,1.00
2014.04.30 03:37:01.564,1.96431,1.96476,1.00,1.19
2014.04.30 03:37:02.180,1.96433,1.96476,1.00,1.19
2014.04.30 03:37:04.616,1.96433,1.9648,1.00,1.27
2014.04.30 03:37:04.667,1.96433,1.9648,1.08,1.27
2014.04.30 03:37:04.990,1.96443,1.96481,1.00,1.19
2014.04.30 03:37:05.335,1.96443,1.96481,1.34,1.19
2014.04.30 03:37:05.487,1.96448,1.96491,1.00,1.19
2014.04.30 03:37:05.702,1.96457,1.96491,1.00,1.19
2014.04.30 03:37:06.582,1.96457,1.96502,1.00,1.19
2014.04.30 03:37:07.436,1.96445,1.96502,1.77,1.57
2014.04.30 03:37:07.488,1.96443,1.96496,1.02,1.19
2014.04.30 03:37:07.589,1.96439,1.96496,1.02,1.29
2014.04.30 03:37:07.699,1.96435,1.96493,1.29,1.02
2014.04.30 03:37:08.622,1.96433,1.96493,1.34,1.02
2014.04.30 03:37:11.801,1.96433,1.96493,1.15,1.68
2014.04.30 03:37:12.302,1.96433,1.96493,1.34,1.39
2014.04.30 03:37:12.606,1.96452,1.965,1.30,1.19
2014.04.30 03:37:12.808,1.96442,1.96496,1.02,1.32
2014.04.30 03:37:12.909,1.96437,1.96496,1.34,1.47
2014.04.30 03:37:14.563,1.96433,1.96494,1.77,1.72
2014.04.30 03:37:15.456,1.96431,1.96491,1.77,1.32
2014.04.30 03:37:15.561,1.96431,1.9649,1.37,1.02
2014.04.30 03:37:15.663,1.96431,1.96489,1.18,1.34
2014.04.30 03:37:16.876,1.96427,1.9649,1.02,2.14
2014.04.30 03:37:20.358,1.96426,1.9649,1.83,1.39
2014.04.30 03:37:29.890,1.96426,1.9649,1.83,2.14
2014.04.30 03:37:30.994,1.96426,1.96485,1.83,1.27
2014.04.30 03:37:33.000,1.96427,1.96478,1.02,1.19
2014.04.30 03:37:33.051,1.96426,1.96478,1.37,1.27
2014.04.30 03:37:35.832,1.96426,1.96484,1.02,1.39
2014.04.30 03:37:37.037,1.96426,1.96484,1.29,1.39
2014.04.30 03:37:48.070,1.96426,1.96482,1.29,1.47
2014.04.30 03:37:53.091,1.96426,1.96481,1.27,1.34
2014.04.30 03:37:54.788,1.96426,1.96484,1.08,1.20
2014.04.30 03:37:59.003,1.96426,1.96484,1.08,1.39
2014.04.30 03:38:01.177,1.96426,1.96484,1.08,1.39
2014.04.30 03:38:03.521,1.96426,1.96484,1.27,1.20
2014.04.30 03:38:03.622,1.96432,1.96487,1.00,1.50
2014.04.30 03:38:03.723,1.96433,1.96491,1.08,1.83
2014.04.30 03:38:03.824,1.96433,1.96491,1.18,1.15
2014.04.30 03:38:03.934,1.96436,1.96491,1.00,1.15
2014.04.30 03:38:04.628,1.9643,1.96494,1.15,1.50
2014.04.30 03:38:11.102,1.96434,1.9649,1.02,1.34
2014.04.30 03:38:14.110,1.96434,1.96492,1.29,1.72
2014.04.30 03:38:16.954,1.96434,1.96492,1.02,1.72
2014.04.30 03:38:18.819,1.96434,1.96491,1.29,1.47
2014.04.30 03:38:21.828,1.96434,1.96488,1.29,1.34
2014.04.30 03:38:22.933,1.96434,1.96487,1.29,1.37
2014.04.30 03:38:23.875,1.96434,1.96493,1.18,1.39
2014.04.30 03:38:23.928,1.96434,1.96494,1.15,1.39
2014.04.30 03:38:26.974,1.96431,1.96489,1.02,1.37
2014.04.30 03:38:27.684,1.9643,1.96489,1.34,1.77
2014.04.30 03:38:27.785,1.9643,1.96481,1.37,1.19
2014.04.30 03:38:28.916,1.9643,1.96488,1.37,1.34
2014.04.30 03:38:30.490,1.9643,1.96486,1.37,1.34
2014.04.30 03:38:34.606,1.9643,1.9649,1.18,1.20
2014.04.30 03:38:34.922,1.9643,1.96491,1.85,1.20
2014.04.30 03:38:35.023,1.96432,1.96495,1.02,1.39
2014.04.30 03:38:35.175,1.96435,1.96498,1.02,1.39
2014.04.30 03:38:35.817,1.96438,1.96496,1.02,1.74
2014.04.30 03:38:37.089,1.96438,1.96498,1.02,1.72
2014.04.30 03:38:40.866,1.96438,1.96493,1.02,1.57
2014.04.30 03:38:44.878,1.96438,1.96494,1.02,1.67
2014.04.30 03:38:46.081,1.96438,1.96494,1.02,1.67
2014.04.30 03:38:47.186,1.96438,1.96491,1.02,1.32
2014.04.30 03:38:50.397,1.96438,1.96488,1.02,1.19
2014.04.30 03:38:50.883,1.96433,1.96488,1.34,1.29
2014.04.30 03:38:50.934,1.9643,1.96487,1.02,1.27
2014.04.30 03:38:51.035,1.96428,1.96487,1.34,1.34
2014.04.30 03:38:52.951,1.96428,1.9649,1.34,1.77
2014.04.30 03:38:55.166,1.96428,1.9649,1.34,1.77
2014.04.30 03:38:56.044,1.96428,1.9649,1.34,1.02
2014.04.30 03:39:02.770,1.96428,1.96488,1.34,1.34
2014.04.30 03:39:08.080,1.96428,1.96488,1.34,1.34
2014.04.30 03:39:11.213,1.96428,1.96487,1.34,1.34
2014.04.30 03:39:21.511,1.96429,1.96486,1.34,1.34
2014.04.30 03:39:22.815,1.96429,1.9649,1.34,1.02
2014.04.30 03:39:25.664,1.96428,1.9649,1.34,1.77
2014.04.30 03:39:28.555,1.96428,1.96492,1.15,1.50
2014.04.30 03:39:28.656,1.96428,1.96494,1.58,1.02
2014.04.30 03:39:28.708,1.96428,1.96495,2.25,1.47
2014.04.30 03:39:28.857,1.9643,1.9649,1.02,1.27
2014.04.30 03:39:31.162,1.9643,1.9649,1.02,1.27
2014.04.30 03:39:36.974,1.9643,1.96485,1.77,1.19
2014.04.30 03:39:38.879,1.96431,1.96486,1.34,1.19
2014.04.30 03:39:41.926,1.9643,1.96484,1.02,1.19
2014.04.30 03:39:44.814,1.9643,1.96487,1.77,1.19
2014.04.30 03:39:46.134,1.9643,1.96485,1.77,1.19
2014.04.30 03:39:47.803,1.9643,1.96483,1.02,1.19
2014.04.30 03:39:49.253,1.96432,1.96483,1.02,1.19
2014.04.30 03:39:49.809,1.96432,1.96484,1.02,1.19
2014.04.30 03:39:50.911,1.96432,1.96486,1.02,1.19
2014.04.30 03:39:52.315,1.96432,1.96486,1.77,1.19
2014.04.30 03:39:53.728,1.96433,1.96488,1.34,1.29
2014.04.30 03:39:54.922,1.96432,1.96487,1.77,1.19
2014.04.30 03:39:59.007,1.96433,1.96488,1.34,1.29
2014.04.30 03:40:00.060,1.96432,1.96495,1.02,1.39
2014.04.30 03:40:00.162,1.96433,1.96495,1.34,2.14
2014.04.30 03:40:01.395,1.96432,1.96495,1.02,1.39
2014.04.30 03:40:03.210,1.96432,1.96494,1.77,1.34
2014.04.30 03:40:04.378,1.96432,1.96494,1.02,1.34
2014.04.30 03:40:05.682,1.96432,1.96493,1.77,1.34
2014.04.30 03:40:10.795,1.96434,1.96495,1.34,1.47
2014.04.30 03:40:11.597,1.96433,1.96498,1.02,1.39
2014.04.30 03:40:11.698,1.96433,1.96495,1.77,1.47
2014.04.30 03:40:12.802,1.96436,1.96493,1.34,1.37
2014.04.30 03:40:14.106,1.96436,1.96495,1.34,1.47
2014.04.30 03:40:15.709,1.96436,1.96491,1.34,1.29
2014.04.30 03:40:18.413,1.96434,1.96492,1.34,1.27
2014.04.30 03:40:19.715,1.96435,1.9649,1.34,1.19
2014.04.30 03:40:21.220,1.96435,1.96492,1.34,1.27
2014.04.30 03:40:29.461,1.96437,1.96492,1.34,1.27
2014.04.30 03:40:32.072,1.96436,1.96499,1.02,1.39
2014.04.30 03:40:34.477,1.96436,1.96498,1.02,1.34
2014.04.30 03:40:38.884,1.96436,1.96493,1.77,1.27
2014.04.30 03:40:40.887,1.96436,1.96491,1.77,1.19
2014.04.30 03:40:42.791,1.96436,1.96499,1.02,1.02
2014.04.30 03:40:43.909,1.96436,1.96496,1.02,1.34
2014.04.30 03:40:45.698,1.96436,1.96498,1.02,1.34
2014.04.30 03:40:46.900,1.96437,1.96492,1.34,1.29
2014.04.30 03:40:47.902,1.96436,1.96491,1.02,1.19
2014.04.30 03:40:50.079,1.96435,1.96491,1.02,1.29
2014.04.30 03:40:53.164,1.96435,1.96492,1.77,1.27
2014.04.30 03:40:55.718,1.96435,1.96492,1.02,1.27
2014.04.30 03:41:03.152,1.96435,1.96494,1.02,1.34
2014.04.30 03:41:10.345,1.96433,1.96494,2.44,1.34
2014.04.30 03:41:11.671,1.96434,1.96491,1.34,1.19
2014.04.30 03:41:15.292,1.96433,1.96489,1.77,1.19
2014.04.30 03:41:17.390,1.96436,1.96491,1.34,1.19
2014.04.30 03:41:19.745,1.96429,1.9649,1.84,1.02
2014.04.30 03:41:21.938,1.96431,1.96489,1.37,1.34
2014.04.30 03:41:23.106,1.9643,1.96489,1.34,1.34
2014.04.30 03:41:24.109,1.9643,1.96487,1.34,1.34
2014.04.30 03:41:26.844,1.96429,1.9649,1.34,1.02
2014.04.30 03:41:28.827,1.96429,1.9649,1.34,1.02
2014.04.30 03:41:29.924,1.96429,1.9649,1.34,1.02
2014.04.30 03:41:32.549,1.9643,1.96487,1.34,1.34
2014.04.30 03:41:33.351,1.96429,1.96486,1.84,1.37
2014.04.30 03:41:35.099,1.96429,1.9649,1.34,1.02
2014.04.30 03:41:36.261,1.96429,1.9649,1.34,1.02
2014.04.30 03:41:38.907,1.96429,1.96489,1.27,1.02
2014.04.30 03:41:38.957,1.96429,1.96487,1.29,1.02
2014.04.30 03:41:39.873,1.96429,1.96487,1.29,1.02
2014.04.30 03:41:43.482,1.96429,1.96486,1.77,1.34
2014.04.30 03:41:45.694,1.96429,1.96487,1.29,1.02
2014.04.30 03:41:47.314,1.96429,1.96487,1.29,1.02
2014.04.30 03:41:48.505,1.96429,1.96487,1.29,1.02
2014.04.30 03:41:50.946,1.96431,1.96487,1.19,1.02
2014.04.30 03:41:52.517,1.96429,1.96487,1.29,1.02
2014.04.30 03:41:53.607,1.96429,1.96489,1.29,1.50
2014.04.30 03:41:53.919,1.96429,1.96487,1.29,1.02
2014.04.30 03:41:55.039,1.96429,1.96487,1.29,1.02
2014.04.30 03:41:56.130,1.96429,1.96487,1.29,1.02
2014.04.30 03:41:57.139,1.96429,1.96487,1.29,1.77
2014.04.30 03:41:57.662,1.96437,1.96487,1.00,1.77
2014.04.30 03:41:58.009,1.96439,1.96487,1.00,1.77
2014.04.30 03:41:59.212,1.96439,1.96485,1.00,1.02
2014.04.30 03:42:01.152,1.96439,1.96488,1.00,1.34
2014.04.30 03:42:02.172,1.96439,1.96487,1.00,1.37
2014.04.30 03:42:03.636,1.96439,1.96492,1.25,1.39
2014.04.30 03:42:06.945,1.96439,1.96488,1.19,1.34
2014.04.30 03:42:09.152,1.96439,1.96486,1.25,1.27
2014.04.30 03:42:14.768,1.96439,1.96485,1.00,1.29
2014.04.30 03:42:15.069,1.96439,1.96492,1.25,1.39
2014.04.30 03:42:16.173,1.96439,1.96492,1.00,1.39
2014.04.30 03:42:16.833,1.96433,1.96483,1.27,1.09
2014.04.30 03:42:16.885,1.96433,1.96472,1.00,1.19
2014.04.30 03:42:17.188,1.96435,1.96472,1.00,1.29
2014.04.30 03:42:17.606,1.96435,1.96465,1.00,1.19
2014.04.30 03:42:17.707,1.9642,1.96459,1.00,1.32
2014.04.30 03:42:17.758,1.9642,1.96459,1.00,1.39
2014.04.30 03:42:18.060,1.96449,1.96473,1.00,2.07
2014.04.30 03:42:18.111,1.96449,1.96473,1.00,1.32
2014.04.30 03:42:18.162,1.96454,1.96473,1.00,1.32
2014.04.30 03:42:18.363,1.96456,1.96485,1.00,1.19
2014.04.30 03:42:18.968,1.96438,1.96485,1.25,1.19
2014.04.30 03:42:19.933,1.96438,1.9648,1.00,1.19
2014.04.30 03:42:21.021,1.96438,1.96479,1.00,1.19
2014.04.30 03:42:21.325,1.96421,1.96455,1.00,1.19
2014.04.30 03:42:21.627,1.96445,1.96472,1.00,1.19
2014.04.30 03:42:21.678,1.96435,1.96472,1.00,1.19
2014.04.30 03:42:21.880,1.96421,1.96462,1.77,1.00
2014.04.30 03:42:21.930,1.96421,1.96459,1.50,1.32
2014.04.30 03:42:22.031,1.96421,1.96459,1.00,1.27
2014.04.30 03:42:22.463,1.96436,1.96459,1.00,1.34
2014.04.30 03:42:22.564,1.96436,1.96468,1.00,1.34
2014.04.30 03:42:22.666,1.96421,1.9646,1.08,1.32
2014.04.30 03:42:22.767,1.96421,1.9646,1.00,1.19
2014.04.30 03:42:22.921,1.96437,1.9646,1.00,1.32
2014.04.30 03:42:23.073,1.96437,1.96464,1.00,1.94
2014.04.30 03:42:23.236,1.96422,1.96461,1.00,1.67
2014.04.30 03:42:23.438,1.96437,1.96462,1.00,1.02
2014.04.30 03:42:23.640,1.96415,1.96454,1.40,1.00
2014.04.30 03:42:23.791,1.96415,1.96454,1.25,1.00
2014.04.30 03:42:24.163,1.96415,1.96454,1.00,1.19
2014.04.30 03:42:25.391,1.96421,1.96457,1.00,1.19
2014.04.30 03:42:25.743,1.96421,1.96454,1.00,1.19
2014.04.30 03:42:27.648,1.96421,1.9646,1.00,1.02
2014.04.30 03:42:28.351,1.96421,1.96454,1.00,1.19
2014.04.30 03:42:28.402,1.96415,1.96454,1.00,1.69
2014.04.30 03:42:31.001,1.96422,1.96454,1.00,1.19
2014.04.30 03:42:31.540,1.96422,1.96455,1.00,1.29
2014.04.30 03:42:33.081,1.96422,1.96459,1.00,1.34
2014.04.30 03:42:37.697,1.96422,1.96454,1.00,1.27
2014.04.30 03:42:37.964,1.96412,1.96451,1.00,1.02
2014.04.30 03:42:38.077,1.96412,1.96444,1.00,1.19
2014.04.30 03:42:38.178,1.96398,1.96439,1.10,1.88
2014.04.30 03:42:38.229,1.96398,1.96436,1.00,1.57
2014.04.30 03:42:38.279,1.96391,1.96432,1.00,1.27
2014.04.30 03:42:38.410,1.96399,1.96436,1.00,1.72
2014.04.30 03:42:38.736,1.96411,1.96436,1.00,1.87
2014.04.30 03:42:39.183,1.96409,1.96436,1.00,1.19
2014.04.30 03:42:39.822,1.96409,1.96434,1.00,1.19
2014.04.30 03:42:41.386,1.96409,1.96436,1.00,1.19
2014.04.30 03:42:42.925,1.96413,1.96439,1.00,1.27
2014.04.30 03:42:43.026,1.96409,1.96439,1.00,1.19
2014.04.30 03:42:43.959,1.96409,1.96443,1.00,1.19
2014.04.30 03:42:44.773,1.96421,1.96443,1.00,1.19
2014.04.30 03:42:45.191,1.96414,1.96443,1.00,1.19
2014.04.30 03:42:45.762,1.96414,1.96447,1.00,1.62
2014.04.30 03:42:47.122,1.96414,1.96445,1.00,1.19
2014.04.30 03:42:47.501,1.9642,1.96445,1.00,1.19
2014.04.30 03:42:47.613,1.96411,1.96445,1.00,1.19
2014.04.30 03:42:47.714,1.96411,1.96451,1.00,1.97
2014.04.30 03:42:47.942,1.9643,1.96454,1.00,1.57
2014.04.30 03:42:48.043,1.9643,1.96464,1.00,1.72
2014.04.30 03:42:48.195,1.9643,1.96464,1.00,1.19
2014.04.30 03:42:48.296,1.96435,1.96464,1.00,1.19
2014.04.30 03:42:48.455,1.96436,1.96473,1.00,1.39
2014.04.30 03:42:48.734,1.96432,1.96473,1.00,1.39
2014.04.30 03:42:49.838,1.96432,1.96474,1.00,1.37
2014.04.30 03:42:50.943,1.96432,1.96473,1.00,1.27
2014.04.30 03:42:52.365,1.96432,1.96475,1.00,1.34
2014.04.30 03:42:55.360,1.96432,1.96476,1.00,1.44
2014.04.30 03:42:56.401,1.96432,1.96472,1.00,1.29
2014.04.30 03:42:56.722,1.96434,1.96472,1.00,1.29
2014.04.30 03:42:57.796,1.96434,1.9647,1.00,1.19
2014.04.30 03:43:00.947,1.96434,1.96471,1.00,1.19
2014.04.30 03:43:01.048,1.96423,1.96467,1.00,1.19
2014.04.30 03:43:02.105,1.96423,1.96467,1.00,1.19
2014.04.30 03:43:05.711,1.96423,1.96467,1.00,1.19
2014.04.30 03:43:07.818,1.96423,1.96467,1.25,1.19
2014.04.30 03:43:09.120,1.96423,1.96467,1.25,1.19
2014.04.30 03:43:14.833,1.96423,1.96467,1.00,1.19
2014.04.30 03:43:17.065,1.96423,1.96467,1.00,1.19
2014.04.30 03:43:23.800,1.96434,1.9647,1.00,1.27
2014.04.30 03:43:25.759,1.96434,1.96471,1.00,1.57
2014.04.30 03:43:31.975,1.96434,1.96469,1.00,1.49
2014.04.30 03:43:34.106,1.96434,1.96468,1.00,1.19
2014.04.30 03:43:38.112,1.96434,1.9647,1.00,1.52
2014.04.30 03:43:40.619,1.96434,1.96468,1.00,1.19
2014.04.30 03:43:48.935,1.96434,1.96466,1.00,1.19
2014.04.30 03:43:54.046,1.96434,1.96467,1.00,1.19
2014.04.30 03:44:04.009,1.96434,1.9647,1.00,1.27
2014.04.30 03:44:07.359,1.96432,1.9647,1.00,1.27
2014.04.30 03:44:12.922,1.96432,1.96472,1.00,1.34
2014.04.30 03:44:14.024,1.96432,1.96471,1.00,1.34
2014.04.30 03:44:15.131,1.96432,1.9647,1.00,1.37
2014.04.30 03:44:19.679,1.96436,1.9647,1.00,1.37
2014.04.30 03:44:20.648,1.96436,1.96473,1.00,1.34
2014.04.30 03:44:22.082,1.96436,1.96472,1.00,1.34
2014.04.30 03:44:24.479,1.96436,1.96473,1.00,1.34
2014.04.30 03:44:31.172,1.96436,1.96472,1.00,1.34
2014.04.30 03:44:41.932,1.96436,1.96471,1.00,1.37
2014.04.30 03:44:45.642,1.96436,1.96469,1.00,1.29
2014.04.30 03:44:48.150,1.96436,1.96471,1.00,1.37
2014.04.30 03:44:49.453,1.96436,1.96472,1.00,1.34
2014.04.30 03:44:51.380,1.96444,1.96472,1.00,1.34
2014.04.30 03:44:52.458,1.96441,1.96472,1.00,1.34
2014.04.30 03:44:52.877,1.96441,1.96476,1.00,1.02
2014.04.30 03:44:58.705,1.96441,1.96475,1.00,1.34
2014.04.30 03:45:00.268,1.96439,1.96475,1.00,1.34
2014.04.30 03:45:02.816,1.96439,1.96476,1.00,1.02
2014.04.30 03:45:03.131,1.96444,1.96477,1.00,1.27
2014.04.30 03:45:03.681,1.9644,1.96477,1.00,1.27
2014.04.30 03:45:05.824,1.9644,1.96476,1.00,1.29
2014.04.30 03:45:09.051,1.9644,1.96478,1.00,1.37
2014.04.30 03:45:10.074,1.9644,1.96479,1.00,1.84
2014.04.30 03:45:13.142,1.9644,1.96477,1.00,1.27
2014.04.30 03:45:15.749,1.9644,1.96479,1.00,1.34
2014.04.30 03:45:16.850,1.9644,1.96477,1.00,1.27
2014.04.30 03:45:19.055,1.9644,1.96475,1.00,1.34
2014.04.30 03:45:20.992,1.9644,1.96473,1.00,1.34
2014.04.30 03:45:22.402,1.9644,1.96479,1.00,1.84
2014.04.30 03:45:22.503,1.96452,1.96479,1.00,1.27
2014.04.30 03:45:22.756,1.96434,1.96472,1.00,1.19
2014.04.30 03:45:22.980,1.96439,1.96479,1.00,1.34
2014.04.30 03:45:23.383,1.96444,1.96479,1.00,1.29
2014.04.30 03:45:24.778,1.96444,1.96475,1.00,1.19
2014.04.30 03:45:25.152,1.96451,1.96475,1.00,1.19
2014.04.30 03:45:25.202,1.96451,1.96484,1.00,1.34
2014.04.30 03:45:25.354,1.96445,1.96484,1.00,1.69
2014.04.30 03:45:25.722,1.96455,1.96484,1.00,1.34
2014.04.30 03:45:27.310,1.96455,1.96488,1.00,1.34
2014.04.30 03:45:29.316,1.96455,1.96489,1.00,1.34
2014.04.30 03:45:30.545,1.96455,1.9649,1.00,1.34
2014.04.30 03:45:31.924,1.96455,1.96489,1.00,1.34
2014.04.30 03:45:35.833,1.96455,1.96481,1.00,1.19
2014.04.30 03:45:37.840,1.96455,1.96483,1.00,1.19
2014.04.30 03:45:39.545,1.96455,1.96492,1.00,1.77
2014.04.30 03:45:43.853,1.96455,1.9649,1.00,1.34
2014.04.30 03:45:49.867,1.96455,1.96489,1.00,1.34
2014.04.30 03:45:51.172,1.96455,1.96483,1.00,1.19
2014.04.30 03:45:54.491,1.96449,1.96483,1.00,1.19
2014.04.30 03:45:55.130,1.96456,1.96483,1.00,1.19
2014.04.30 03:45:55.332,1.96456,1.96493,1.00,1.19
2014.04.30 03:46:00.020,1.96456,1.96496,1.00,1.34
2014.04.30 03:46:01.122,1.96456,1.96497,1.00,1.34
2014.04.30 03:46:02.235,1.96456,1.96495,1.00,1.37
2014.04.30 03:46:03.128,1.96456,1.96498,1.00,1.47
2014.04.30 03:46:03.556,1.96456,1.96495,1.00,1.37
2014.04.30 03:46:04.546,1.96456,1.96497,1.00,1.34
2014.04.30 03:46:04.748,1.96449,1.96497,1.00,1.34
2014.04.30 03:46:05.743,1.96449,1.96498,1.25,1.34
2014.04.30 03:46:07.942,1.96449,1.96496,1.25,1.34
2014.04.30 03:46:10.490,1.96449,1.96494,1.00,1.29
2014.04.30 03:46:12.859,1.96449,1.96496,1.00,1.34
2014.04.30 03:46:15.772,1.96449,1.96497,1.00,1.34
2014.04.30 03:46:18.871,1.96449,1.96495,1.00,1.34
2014.04.30 03:46:19.680,1.96455,1.96495,1.00,1.34
2014.04.30 03:46:20.031,1.96457,1.96495,1.00,1.34
2014.04.30 03:46:20.882,1.96457,1.9649,1.00,1.19
2014.04.30 03:46:21.200,1.96455,1.9649,1.00,1.19
2014.04.30 03:46:21.912,1.96455,1.96489,1.00,1.19
2014.04.30 03:46:23.290,1.96454,1.96489,1.00,1.19
2014.04.30 03:46:26.415,1.96453,1.96489,1.00,1.34
2014.04.30 03:46:26.517,1.96451,1.96489,1.00,1.34
2014.04.30 03:46:27.385,1.96454,1.96489,1.00,1.34
2014.04.30 03:46:28.337,1.96454,1.96491,1.00,1.34
2014.04.30 03:46:30.244,1.96454,1.96489,1.00,1.34
2014.04.30 03:46:30.707,1.96451,1.96489,1.00,1.34
2014.04.30 03:46:31.449,1.96451,1.96487,1.00,1.27
2014.04.30 03:46:33.054,1.96451,1.96488,1.00,1.37
2014.04.30 03:46:33.385,1.96453,1.96488,1.00,1.37
2014.04.30 03:46:38.067,1.96453,1.96487,1.00,1.27
2014.04.30 03:46:42.578,1.96453,1.96482,1.00,1.19
2014.04.30 03:46:43.308,1.96453,1.96487,1.00,1.27
2014.04.30 03:46:44.826,1.96453,1.96489,1.00,1.34
2014.04.30 03:46:47.134,1.96453,1.9649,1.00,1.27
2014.04.30 03:47:02.159,1.96453,1.96488,1.00,1.29
2014.04.30 03:47:02.789,1.96454,1.96488,1.00,1.29
2014.04.30 03:47:05.574,1.96454,1.96489,1.00,1.27
2014.04.30 03:47:11.219,1.96454,1.96491,1.00,1.34
2014.04.30 03:47:15.932,1.96454,1.96489,1.00,1.37
2014.04.30 03:47:18.338,1.96454,1.96492,1.00,1.34
2014.04.30 03:47:19.742,1.96454,1.96489,1.00,1.37
2014.04.30 03:47:19.943,1.96451,1.96489,1.00,1.34
2014.04.30 03:47:20.142,1.96454,1.96488,1.00,1.02
2014.04.30 03:47:20.470,1.96456,1.96488,1.00,1.02
2014.04.30 03:47:20.688,1.96454,1.96488,1.00,1.02
2014.04.30 03:47:20.881,1.96454,1.96484,1.00,1.37
2014.04.30 03:47:23.853,1.96454,1.96486,1.00,1.34
2014.04.30 03:47:27.781,1.96454,1.96488,1.00,1.77
2014.04.30 03:47:29.868,1.96454,1.96488,1.00,1.02
2014.04.30 03:47:31.082,1.96454,1.96488,1.00,1.77
2014.04.30 03:47:32.978,1.96454,1.96488,1.00,1.02
2014.04.30 03:47:34.052,1.96454,1.96486,1.00,1.34
2014.04.30 03:47:35.868,1.96452,1.96486,1.00,1.34
2014.04.30 03:47:36.020,1.96454,1.96486,1.00,1.34
2014.04.30 03:47:36.361,1.96451,1.96486,1.00,1.34
2014.04.30 03:47:36.882,1.9645,1.96486,1.00,1.34
2014.04.30 03:47:36.932,1.9645,1.96483,1.00,1.27
2014.04.30 03:47:39.335,1.9645,1.96482,1.00,1.27
2014.04.30 03:47:41.942,1.96454,1.96483,1.00,1.29
2014.04.30 03:47:42.949,1.96452,1.96483,1.00,1.29
2014.04.30 03:47:43.531,1.96451,1.96483,1.00,1.29
2014.04.30 03:47:44.138,1.96455,1.96483,1.00,1.29
2014.04.30 03:47:44.837,1.96455,1.96486,1.00,1.34
2014.04.30 03:47:46.041,1.96455,1.96488,1.00,1.34
2014.04.30 03:47:47.045,1.96455,1.96482,1.00,1.19
2014.04.30 03:47:48.951,1.96455,1.96485,1.00,1.19
2014.04.30 03:47:49.954,1.96455,1.96484,1.00,1.19
2014.04.30 03:47:54.066,1.96455,1.96486,1.00,1.19
2014.04.30 03:47:55.871,1.96455,1.96488,1.00,1.19
2014.04.30 03:48:04.930,1.96455,1.96485,1.00,1.19
2014.04.30 03:48:06.079,1.96455,1.96484,1.00,1.19
2014.04.30 03:48:07.166,1.96455,1.96485,1.00,1.19
2014.04.30 03:48:10.139,1.96455,1.96488,1.00,1.37
2014.04.30 03:48:12.846,1.96455,1.96487,1.00,1.27
2014.04.30 03:48:15.454,1.96455,1.96488,1.00,1.37
2014.04.30 03:48:18.161,1.96455,1.96483,1.00,1.19
2014.04.30 03:48:19.365,1.96455,1.96486,1.00,1.29
2014.04.30 03:48:21.097,1.96456,1.96486,1.00,1.29
2014.04.30 03:48:25.327,1.96456,1.96493,1.00,1.02
2014.04.30 03:48:25.428,1.96463,1.96493,1.00,1.02
2014.04.30 03:48:26.417,1.96463,1.9649,1.00,1.34
2014.04.30 03:48:30.835,1.96463,1.96492,1.00,1.34
2014.04.30 03:48:32.628,1.96463,1.9649,1.00,1.34
2014.04.30 03:48:33.959,1.96463,1.96489,1.00,1.37
2014.04.30 03:48:34.747,1.96462,1.96489,1.00,1.37
2014.04.30 03:48:34.870,1.96458,1.96489,1.00,1.37
2014.04.30 03:48:34.972,1.9646,1.96484,1.00,1.27
2014.04.30 03:48:35.224,1.96457,1.96484,1.00,1.37
2014.04.30 03:48:35.738,1.96458,1.96484,1.00,1.37
2014.04.30 03:48:36.042,1.96458,1.96482,1.00,1.27
2014.04.30 03:48:37.845,1.96458,1.9648,1.00,1.19
2014.04.30 03:48:38.917,1.96457,1.9648,1.00,1.19
2014.04.30 03:48:39.367,1.96457,1.96477,1.00,1.19
2014.04.30 03:48:40.854,1.96457,1.96479,1.00,1.19
2014.04.30 03:48:45.164,1.96457,1.96475,1.00,1.19
2014.04.30 03:48:49.175,1.96457,1.96479,1.00,1.19
2014.04.30 03:48:54.286,1.96457,1.96485,1.00,1.34
2014.04.30 03:48:55.145,1.96457,1.96483,1.00,1.02
2014.04.30 03:48:58.120,1.96457,1.96476,1.00,1.29
2014.04.30 03:48:59.106,1.96459,1.96476,1.00,1.29
2014.04.30 03:48:59.157,1.96459,1.96478,1.00,1.37
2014.04.30 03:49:04.136,1.96459,1.96476,1.00,1.29
2014.04.30 03:49:04.346,1.96459,1.96483,1.00,1.77
2014.04.30 03:49:06.942,1.96459,1.96483,1.00,1.02
2014.04.30 03:49:08.247,1.96459,1.9648,1.00,1.34
2014.04.30 03:49:10.851,1.96459,1.96483,1.00,1.77
2014.04.30 03:49:11.398,1.96458,1.96483,1.00,1.77
2014.04.30 03:49:12.155,1.96458,1.96482,1.00,1.34
2014.04.30 03:49:18.709,1.96458,1.96481,1.00,1.34
2014.04.30 03:49:20.078,1.96458,1.96479,1.00,1.37
2014.04.30 03:49:23.082,1.96458,1.96475,1.00,1.19
2014.04.30 03:49:24.385,1.96458,1.96481,1.00,1.34
2014.04.30 03:49:30.926,1.96458,1.96483,1.00,1.34
2014.04.30 03:49:31.335,1.96455,1.96483,1.00,1.34
2014.04.30 03:49:31.684,1.96448,1.96483,1.00,1.34
2014.04.30 03:49:32.743,1.96448,1.96476,1.00,1.19
2014.04.30 03:49:36.866,1.96448,1.96474,1.00,1.19
2014.04.30 03:49:38.344,1.96448,1.96476,1.00,1.27
2014.04.30 03:49:44.361,1.96448,1.96481,1.00,1.34
2014.04.30 03:49:45.564,1.96448,1.9648,1.00,1.34
2014.04.30 03:49:45.635,1.96443,1.9648,1.00,1.34
2014.04.30 03:49:47.171,1.96443,1.96479,1.00,1.34
2014.04.30 03:49:50.879,1.96443,1.96474,1.00,1.19
2014.04.30 03:49:53.290,1.96443,1.96478,1.00,1.37
2014.04.30 03:49:56.821,1.96443,1.96479,1.00,1.34
2014.04.30 03:49:57.926,1.96443,1.96477,1.00,1.29
2014.04.30 03:49:58.555,1.96443,1.96477,1.34,1.29
2014.04.30 03:49:58.656,1.96446,1.96486,1.00,1.94
2014.04.30 03:49:58.909,1.96436,1.9648,1.72,1.19
2014.04.30 03:49:58.959,1.96436,1.96472,1.24,1.00
2014.04.30 03:50:00.135,1.96436,1.96472,1.00,1.25
2014.04.30 03:50:03.939,1.96427,1.96469,1.34,1.00
2014.04.30 03:50:04.593,1.96435,1.96469,1.00,1.00
2014.04.30 03:50:05.659,1.96439,1.96477,1.00,1.19
2014.04.30 03:50:05.911,1.96439,1.9648,1.00,1.19
2014.04.30 03:50:09.772,1.96439,1.9648,1.00,1.19
2014.04.30 03:50:11.200,1.96439,1.9648,1.00,1.19
2014.04.30 03:50:15.185,1.96439,1.9648,1.00,1.19
2014.04.30 03:50:16.288,1.96439,1.9648,1.25,1.25
2014.04.30 03:50:18.155,1.96444,1.96484,1.00,1.29
2014.04.30 03:50:18.740,1.9645,1.96488,1.00,1.34
2014.04.30 03:50:19.197,1.9645,1.96491,1.00,1.77
2014.04.30 03:50:20.831,1.9645,1.96491,1.00,1.02
2014.04.30 03:50:22.136,1.9645,1.96491,1.00,1.77
2014.04.30 03:50:25.842,1.9645,1.96488,1.00,1.34
2014.04.30 03:50:27.145,1.9645,1.96487,1.00,1.37
2014.04.30 03:50:33.862,1.9645,1.96488,1.00,1.34
2014.04.30 03:50:41.383,1.9645,1.96492,1.00,1.34
2014.04.30 03:50:43.588,1.9645,1.96492,1.00,1.34
2014.04.30 03:50:45.894,1.9645,1.96491,1.00,1.34
2014.04.30 03:50:47.841,1.9645,1.96488,1.00,1.34
2014.04.30 03:50:51.028,1.9645,1.96486,1.00,1.29
2014.04.30 03:50:52.860,1.9645,1.96491,1.00,1.34
2014.04.30 03:50:59.061,1.9645,1.96486,1.00,1.29
2014.04.30 03:51:00.162,1.9645,1.96488,1.00,1.34
2014.04.30 03:51:02.010,1.9645,1.96489,1.00,1.34
2014.04.30 03:51:05.781,1.96453,1.96489,1.00,1.34
2014.04.30 03:51:06.786,1.96453,1.96486,1.00,1.37
2014.04.30 03:51:09.639,1.96453,1.96487,1.00,1.34
2014.04.30 03:51:09.974,1.96455,1.96487,1.00,1.34
2014.04.30 03:51:11.629,1.96455,1.96489,1.00,1.34
2014.04.30 03:51:12.348,1.96449,1.96489,1.00,1.34
2014.04.30 03:51:14.649,1.96449,1.96488,1.00,1.34
2014.04.30 03:51:15.901,1.96449,1.96485,1.00,1.27
2014.04.30 03:51:16.365,1.96449,1.96478,1.00,1.29
2014.04.30 03:51:16.466,1.96438,1.96478,1.00,1.27
2014.04.30 03:51:16.567,1.96438,1.96475,1.00,1.02
2014.04.30 03:51:16.668,1.96428,1.96473,1.19,1.02
2014.04.30 03:51:16.819,1.96428,1.96468,1.19,1.50
2014.04.30 03:51:17.879,1.96428,1.96467,1.00,1.02
2014.04.30 03:51:17.956,1.96425,1.96467,1.19,1.02
2014.04.30 03:51:18.886,1.96425,1.96466,1.00,1.02
2014.04.30 03:51:22.595,1.96425,1.96468,1.19,1.50
2014.04.30 03:51:24.204,1.96425,1.96468,1.25,1.50
2014.04.30 03:51:40.789,1.96425,1.96465,1.00,1.34
2014.04.30 03:51:41.675,1.96425,1.96462,1.00,1.02
2014.04.30 03:51:41.726,1.96422,1.96462,1.00,1.02
2014.04.30 03:51:41.936,1.96419,1.96462,1.00,1.77
2014.04.30 03:51:42.795,1.96419,1.96459,1.00,1.34
2014.04.30 03:51:44.691,1.96422,1.96459,1.00,1.34
2014.04.30 03:51:44.943,1.96413,1.96459,1.00,1.34
2014.04.30 03:51:45.044,1.96413,1.96455,1.00,1.02
2014.04.30 03:51:45.501,1.96411,1.96455,1.00,1.02
2014.04.30 03:51:45.653,1.96411,1.96454,1.00,1.34
2014.04.30 03:51:47.511,1.96411,1.96448,1.00,1.29
2014.04.30 03:51:47.815,1.96409,1.96445,1.00,1.02
2014.04.30 03:51:47.916,1.96402,1.96443,1.00,1.34
2014.04.30 03:51:48.919,1.96402,1.96441,1.00,1.37
2014.04.30 03:51:49.921,1.96402,1.9644,1.00,1.27
2014.04.30 03:51:51.024,1.96402,1.96441,1.00,1.37
2014.04.30 03:51:52.127,1.96402,1.96439,1.00,1.27
2014.04.30 03:51:55.941,1.96402,1.96443,1.00,1.34
2014.04.30 03:51:57.845,1.96402,1.96441,1.00,1.37
2014.04.30 03:52:03.792,1.96402,1.96437,1.00,1.19
2014.04.30 03:52:06.202,1.96402,1.96438,1.00,1.29
2014.04.30 03:52:07.309,1.96402,1.9644,1.00,1.27
2014.04.30 03:52:07.469,1.964,1.9644,1.00,1.27
2014.04.30 03:52:10.422,1.964,1.96439,1.00,1.27
2014.04.30 03:52:11.927,1.964,1.96442,1.00,1.34
2014.04.30 03:52:23.046,1.96399,1.96441,1.00,1.34
2014.04.30 03:52:23.917,1.96399,1.9644,1.00,1.37
2014.04.30 03:52:25.608,1.96399,1.96441,1.00,1.84
2014.04.30 03:52:26.721,1.964,1.96441,1.00,1.19
2014.04.30 03:52:27.217,1.964,1.96443,1.00,1.27
2014.04.30 03:52:27.457,1.96406,1.96443,1.00,1.27
2014.04.30 03:52:27.986,1.96405,1.96443,1.00,1.77
2014.04.30 03:52:28.539,1.96405,1.96443,1.50,1.27
2014.04.30 03:52:29.531,1.96406,1.96445,1.00,1.34
2014.04.30 03:52:30.605,1.96404,1.96444,1.00,1.19
2014.04.30 03:52:30.656,1.96404,1.96444,1.00,1.19
2014.04.30 03:52:31.178,1.96405,1.96442,1.00,1.19
2014.04.30 03:52:33.626,1.96405,1.96442,1.29,1.00
2014.04.30 03:52:36.659,1.96416,1.96442,1.00,1.00
2014.04.30 03:52:36.792,1.96406,1.96442,1.25,1.00
2014.04.30 03:52:37.124,1.96406,1.96446,1.25,1.00
2014.04.30 03:52:37.729,1.96406,1.96446,1.25,1.19
2014.04.30 03:52:40.903,1.96406,1.96446,1.19,1.25
2014.04.30 03:52:41.090,1.96416,1.96446,1.00,1.25
2014.04.30 03:52:45.179,1.96416,1.96447,1.00,1.00
2014.04.30 03:52:45.732,1.96416,1.96446,1.00,1.00
2014.04.30 03:52:46.115,1.96406,1.96446,1.34,1.00
2014.04.30 03:52:47.575,1.96416,1.96446,1.00,1.00
2014.04.30 03:52:51.836,1.96406,1.96446,1.34,1.00
2014.04.30 03:52:51.887,1.9641,1.96449,1.29,1.00
2014.04.30 03:52:54.565,1.9641,1.96449,1.29,1.00
2014.04.30 03:52:55.769,1.9641,1.96449,1.29,1.00
2014.04.30 03:52:56.972,1.9641,1.96449,1.29,1.00
2014.04.30 03:52:57.885,1.96416,1.96449,1.00,1.00
2014.04.30 03:52:59.115,1.96416,1.96451,1.00,1.00
2014.04.30 03:53:10.538,1.96411,1.96451,1.25,1.00
2014.04.30 03:53:12.644,1.96409,1.9645,1.37,1.00
2014.04.30 03:53:13.175,1.96409,1.9645,1.37,1.00
2014.04.30 03:53:15.969,1.96409,1.9645,1.37,1.00
2014.04.30 03:53:17.579,1.96409,1.9645,1.37,1.00
2014.04.30 03:53:18.783,1.96409,1.9645,1.37,1.00
2014.04.30 03:53:19.888,1.96409,1.9645,1.37,1.25
2014.04.30 03:53:20.763,1.96415,1.9645,1.00,1.25
2014.04.30 03:53:21.138,1.96406,1.96447,1.27,1.00
2014.04.30 03:53:21.314,1.96416,1.96447,1.00,1.00
2014.04.30 03:53:21.466,1.96416,1.9645,1.00,1.25
2014.04.30 03:53:21.568,1.96408,1.9645,1.19,1.25
2014.04.30 03:53:25.538,1.96409,1.9645,1.10,1.19
2014.04.30 03:53:27.145,1.96409,1.9645,1.29,1.00
2014.04.30 03:53:28.199,1.96409,1.9645,1.02,1.19
2014.04.30 03:53:30.655,1.96409,1.9645,1.29,1.25
2014.04.30 03:53:34.417,1.96408,1.96455,1.25,1.77
2014.04.30 03:53:35.684,1.96408,1.96454,1.00,1.29
2014.04.30 03:53:45.705,1.96409,1.96453,1.00,1.19
2014.04.30 03:53:46.908,1.96409,1.96453,1.19,1.19
2014.04.30 03:53:48.425,1.96414,1.96455,1.00,1.27
2014.04.30 03:53:49.088,1.96415,1.96456,1.00,1.27
2014.04.30 03:53:50.619,1.96415,1.96456,1.00,1.27
2014.04.30 03:53:52.224,1.96415,1.96456,1.00,1.27
2014.04.30 03:54:00.771,1.96415,1.96456,1.00,1.29
2014.04.30 03:54:01.373,1.96413,1.96454,1.00,1.19
2014.04.30 03:54:01.923,1.96411,1.96453,1.19,1.25
2014.04.30 03:54:05.913,1.96409,1.96448,1.19,1.00
2014.04.30 03:54:07.812,1.96409,1.96448,1.00,1.19
2014.04.30 03:54:11.113,1.96409,1.96448,1.00,1.19
2014.04.30 03:54:13.117,1.96409,1.96448,1.00,1.19
2014.04.30 03:54:14.441,1.96409,1.96449,1.00,1.25
2014.04.30 03:54:15.924,1.96409,1.96449,1.19,1.00
2014.04.30 03:54:21.035,1.96409,1.96449,1.00,1.25
2014.04.30 03:54:22.639,1.96409,1.96449,1.00,1.19
2014.04.30 03:54:23.842,1.96409,1.96449,1.25,1.19
2014.04.30 03:54:24.741,1.96413,1.96452,1.00,1.37
2014.04.30 03:54:25.785,1.96413,1.96452,1.00,1.37
2014.04.30 03:54:29.895,1.96413,1.96452,1.00,1.19
2014.04.30 03:54:30.455,1.96408,1.96451,1.19,1.25
2014.04.30 03:54:31.286,1.96408,1.96451,1.19,1.19
2014.04.30 03:54:32.393,1.96413,1.96452,1.00,1.19
2014.04.30 03:54:33.391,1.96413,1.96452,1.00,1.25
2014.04.30 03:54:34.495,1.96413,1.96452,1.00,1.19
2014.04.30 03:54:35.904,1.96413,1.96452,1.00,1.34
2014.04.30 03:54:35.955,1.9641,1.96449,1.00,1.02
2014.04.30 03:54:44.120,1.9641,1.96449,1.19,1.10
2014.04.30 03:54:45.626,1.9641,1.96449,1.00,1.02
2014.04.30 03:54:46.632,1.9641,1.96449,1.00,1.29
2014.04.30 03:54:51.864,1.96407,1.96449,1.00,1.29
2014.04.30 03:54:58.795,1.96407,1.96449,1.19,1.34
2014.04.30 03:55:00.124,1.96406,1.9645,1.19,1.34
2014.04.30 03:55:00.761,1.96406,1.9645,1.19,1.19
2014.04.30 03:55:00.812,1.96406,1.9645,1.19,1.19
2014.04.30 03:55:02.148,1.96406,1.9645,1.19,1.25
2014.04.30 03:55:13.878,1.96411,1.96451,1.00,1.19
2014.04.30 03:55:14.599,1.96408,1.96449,1.34,1.25
2014.04.30 03:55:14.936,1.96408,1.96449,1.34,1.00
2014.04.30 03:55:20.608,1.96408,1.96449,1.34,1.00
2014.04.30 03:55:27.131,1.96408,1.96449,1.19,1.00
2014.04.30 03:55:28.333,1.96408,1.96449,1.19,1.00
2014.04.30 03:55:31.770,1.96408,1.96449,1.27,1.00
2014.04.30 03:55:34.140,1.96415,1.96449,1.00,1.00
2014.04.30 03:55:34.442,1.96415,1.96443,1.00,1.00
2014.04.30 03:55:34.900,1.96415,1.96451,1.09,1.00
2014.04.30 03:55:35.103,1.96425,1.96451,1.00,1.00
2014.04.30 03:55:35.206,1.96425,1.96455,1.00,1.19
2014.04.30 03:55:35.428,1.96425,1.96462,1.34,1.00
2014.04.30 03:55:35.636,1.96426,1.9647,1.09,1.19
2014.04.30 03:55:35.906,1.96427,1.96473,1.34,1.37
2014.04.30 03:55:36.110,1.96427,1.96473,1.00,1.19
2014.04.30 03:55:36.533,1.96426,1.9647,1.29,1.19
2014.04.30 03:55:37.216,1.96423,1.96462,1.53,1.00
2014.04.30 03:55:38.789,1.96423,1.96462,1.53,1.00
2014.04.30 03:55:39.595,1.96423,1.96462,1.19,1.00
2014.04.30 03:55:39.747,1.96416,1.96458,1.19,1.00
2014.04.30 03:55:39.957,1.96425,1.96463,1.00,1.00
2014.04.30 03:55:40.058,1.96449,1.96468,2.84,1.34
2014.04.30 03:55:40.159,1.96455,1.96466,1.34,1.00
2014.04.30 03:55:40.260,1.96461,1.96492,1.00,1.60
2014.04.30 03:55:40.311,1.96461,1.96496,1.00,1.19
2014.04.30 03:55:40.413,1.96441,1.96466,1.37,1.00
2014.04.30 03:55:40.614,1.96441,1.96477,1.29,1.00
2014.04.30 03:55:41.489,1.96441,1.96496,1.84,1.19
2014.04.30 03:55:42.441,1.96446,1.96503,1.97,2.22
2014.04.30 03:55:43.615,1.96447,1.96502,1.19,1.34
2014.04.30 03:55:44.742,1.96442,1.96499,1.34,1.27
2014.04.30 03:55:47.075,1.96458,1.96499,1.84,1.27
2014.04.30 03:55:47.126,1.96458,1.96501,2.03,1.34
2014.04.30 03:55:47.227,1.96461,1.96507,1.59,1.69
2014.04.30 03:55:47.328,1.96461,1.96507,1.25,1.37
2014.04.30 03:55:47.637,1.96446,1.96483,1.37,1.00
2014.04.30 03:55:48.164,1.9644,1.96483,1.19,1.00
2014.04.30 03:55:48.653,1.96442,1.96483,1.19,1.00
2014.04.30 03:55:48.764,1.96442,1.96497,1.34,1.19
2014.04.30 03:55:49.653,1.96455,1.96497,1.00,1.19
2014.04.30 03:55:50.368,1.96455,1.96502,1.25,1.84
2014.04.30 03:55:51.872,1.96449,1.96502,1.19,1.84
2014.04.30 03:55:53.607,1.96446,1.965,1.27,1.27
2014.04.30 03:55:54.910,1.96446,1.96501,1.27,1.37
2014.04.30 03:55:55.986,1.96446,1.965,1.27,1.27
2014.04.30 03:55:58.595,1.96446,1.96501,1.27,1.84
2014.04.30 03:56:02.205,1.96446,1.96501,1.27,1.37
2014.04.30 03:56:04.031,1.96446,1.96501,1.27,1.37
2014.04.30 03:56:08.028,1.96448,1.96501,1.29,1.37
2014.04.30 03:56:10.035,1.96445,1.965,1.34,1.19
2014.04.30 03:56:12.460,1.96444,1.96499,1.34,1.19
2014.04.30 03:56:13.864,1.96446,1.96501,1.84,1.69
2014.04.30 03:56:18.583,1.96446,1.96501,1.34,1.25
2014.04.30 03:56:23.002,1.96449,1.96501,1.37,1.19
2014.04.30 03:56:24.909,1.96451,1.96502,1.34,1.19
2014.04.30 03:56:26.013,1.9645,1.96502,1.77,1.19
2014.04.30 03:56:27.817,1.96451,1.96502,1.34,1.19
2014.04.30 03:56:29.641,1.9645,1.96502,1.77,1.19
2014.04.30 03:56:30.952,1.96451,1.96502,1.34,1.19
2014.04.30 03:56:32.357,1.9645,1.96502,1.02,1.19
2014.04.30 03:56:34.064,1.9645,1.96502,1.02,1.19
2014.04.30 03:56:35.669,1.9645,1.96502,1.77,1.19
2014.04.30 03:56:36.875,1.9645,1.96502,1.02,1.19
2014.04.30 03:56:38.681,1.96455,1.96499,1.27,1.00
2014.04.30 03:56:40.130,1.9645,1.96499,1.44,1.00
2014.04.30 03:56:40.181,1.9645,1.96504,1.92,1.19
2014.04.30 03:56:40.296,1.9645,1.965,1.54,1.00
2014.04.30 03:56:40.723,1.96447,1.96498,1.34,1.00
2014.04.30 03:56:41.049,1.96444,1.96497,1.29,1.37
2014.04.30 03:56:41.201,1.96436,1.96488,1.37,1.19
2014.04.30 03:56:41.719,1.96436,1.96487,1.19,1.34
2014.04.30 03:56:41.949,1.96436,1.9648,1.19,1.00
2014.04.30 03:56:42.405,1.9643,1.9648,1.34,1.19
2014.04.30 03:56:42.456,1.9643,1.96476,1.34,1.00
2014.04.30 03:56:45.442,1.96427,1.96476,1.77,1.00
2014.04.30 03:56:46.756,1.96433,1.96476,1.27,1.00
2014.04.30 03:56:46.858,1.96433,1.9648,1.27,1.25
2014.04.30 03:56:48.077,1.96432,1.9648,1.27,1.19
2014.04.30 03:56:49.267,1.96427,1.9648,1.77,1.19
2014.04.30 03:56:52.379,1.96428,1.9648,1.34,1.19
2014.04.30 03:56:53.587,1.96427,1.9648,1.02,1.00
2014.04.30 03:56:53.740,1.96431,1.9648,1.27,1.00
2014.04.30 03:56:53.942,1.96436,1.96485,1.18,1.19
2014.04.30 03:56:54.140,1.96436,1.96485,1.15,1.19
2014.04.30 03:56:54.465,1.96446,1.9649,1.19,1.19
2014.04.30 03:56:54.783,1.96446,1.96491,1.34,1.19
2014.04.30 03:56:55.799,1.96446,1.96491,1.34,1.25
2014.04.30 03:56:57.649,1.96446,1.96491,1.34,1.00
2014.04.30 03:56:58.969,1.96438,1.96491,1.34,1.19
2014.04.30 03:56:59.043,1.9645,1.96491,1.19,1.00
2014.04.30 03:56:59.295,1.96471,1.96512,1.00,1.34
2014.04.30 03:56:59.397,1.96471,1.96506,1.00,1.29
2014.04.30 03:56:59.699,1.96447,1.96469,1.50,1.00
2014.04.30 03:56:59.750,1.9644,1.96476,1.02,1.00
2014.04.30 03:56:59.801,1.96437,1.96476,1.77,1.00
2014.04.30 03:57:00.435,1.96437,1.9649,1.37,1.27
2014.04.30 03:57:00.949,1.96437,1.96493,1.84,1.19
2014.04.30 03:57:01.056,1.96437,1.96493,1.84,1.19
2014.04.30 03:57:02.360,1.96439,1.96491,1.42,1.19
2014.04.30 03:57:03.591,1.9644,1.96491,1.44,1.19
2014.04.30 03:57:04.134,1.9644,1.96488,1.44,1.00
2014.04.30 03:57:04.684,1.9644,1.96486,1.64,1.00
2014.04.30 03:57:05.157,1.96437,1.96489,1.32,1.19
2014.04.30 03:57:05.901,1.96438,1.9649,1.49,1.19
2014.04.30 03:57:07.791,1.96441,1.96491,1.64,1.19
2014.04.30 03:57:08.747,1.96445,1.96498,1.34,1.19
2014.04.30 03:57:09.626,1.96444,1.96497,2.07,1.19
2014.04.30 03:57:11.842,1.96445,1.96497,1.49,1.19
2014.04.30 03:57:15.244,1.96446,1.96497,1.54,1.19
2014.04.30 03:57:16.851,1.9645,1.96501,1.37,1.19
2014.04.30 03:57:18.359,1.96452,1.96501,1.19,1.19
2014.04.30 03:57:19.365,1.96451,1.96499,1.24,1.00
2014.04.30 03:57:21.600,1.96446,1.96499,1.79,1.19
2014.04.30 03:57:23.809,1.9645,1.96499,1.32,1.19
2014.04.30 03:57:24.112,1.9645,1.96486,1.34,1.00
2014.04.30 03:57:24.547,1.9645,1.96477,1.34,1.00
2014.04.30 03:57:25.819,1.96445,1.96477,1.27,1.00
2014.04.30 03:57:27.128,1.96443,1.96477,1.72,1.00
2014.04.30 03:57:28.237,1.96442,1.96477,1.72,1.00
2014.04.30 03:57:28.927,1.96442,1.96476,1.34,1.00
2014.04.30 03:57:29.129,1.96442,1.9647,1.34,1.00
2014.04.30 03:57:29.283,1.96439,1.9647,1.27,1.00
2014.04.30 03:57:29.384,1.96435,1.9647,1.27,1.00
2014.04.30 03:57:29.435,1.96435,1.96468,1.19,1.00
2014.04.30 03:57:29.563,1.96433,1.96468,1.19,1.00
2014.04.30 03:57:29.665,1.96433,1.96464,1.19,1.00
2014.04.30 03:57:30.240,1.96426,1.96468,2.82,1.00
2014.04.30 03:57:31.255,1.96433,1.96468,1.29,1.00
2014.04.30 03:57:32.561,1.96436,1.96468,1.19,1.00
2014.04.30 03:57:33.912,1.96433,1.96468,1.29,1.00
2014.04.30 03:57:35.856,1.96436,1.96468,1.19,1.00
2014.04.30 03:57:37.830,1.96435,1.96468,1.19,1.00
2014.04.30 03:57:40.564,1.96438,1.96468,1.19,1.00
2014.04.30 03:57:40.685,1.96438,1.96472,1.19,1.00
2014.04.30 03:57:40.887,1.96438,1.96467,1.19,1.00
2014.04.30 03:57:41.089,1.9643,1.96467,1.34,1.00
2014.04.30 03:57:41.226,1.9643,1.96463,1.34,1.00
2014.04.30 03:57:42.205,1.96429,1.96463,1.34,1.00
2014.04.30 03:57:42.827,1.96429,1.96464,1.34,1.00
2014.04.30 03:57:44.562,1.96426,1.96464,1.54,1.00
2014.04.30 03:57:44.970,1.9643,1.96472,1.02,1.00
2014.04.30 03:57:45.188,1.96429,1.96467,1.09,1.00
2014.04.30 03:57:47.725,1.96432,1.96465,1.27,1.00
2014.04.30 03:57:49.393,1.96432,1.96465,1.02,1.00
2014.04.30 03:57:50.801,1.96434,1.96465,1.27,1.00
2014.04.30 03:57:52.471,1.96433,1.96465,1.37,1.00
2014.04.30 03:57:54.202,1.96435,1.96468,1.29,1.00
2014.04.30 03:57:54.413,1.96433,1.96465,1.37,1.00
2014.04.30 03:57:54.981,1.96432,1.96465,1.02,1.00
2014.04.30 03:57:55.984,1.96432,1.96465,1.02,1.00
2014.04.30 03:57:57.087,1.96432,1.96465,1.64,1.00
2014.04.30 03:57:58.593,1.96428,1.96465,1.24,1.00
2014.04.30 03:57:58.736,1.96428,1.96475,1.24,1.00
2014.04.30 03:58:00.340,1.96429,1.96475,1.34,1.00
2014.04.30 03:58:00.703,1.96429,1.96473,1.34,1.00
2014.04.30 03:58:01.606,1.96428,1.96473,1.02,1.00
2014.04.30 03:58:02.160,1.96428,1.96474,1.02,1.00
2014.04.30 03:58:02.698,1.96428,1.96475,1.44,1.25
2014.04.30 03:58:03.242,1.96428,1.96475,1.92,1.00
2014.04.30 03:58:04.335,1.96435,1.96475,1.29,1.00
