2010.10.28 23:00:00.593,2.11433,2.11534,1.30,1.10
2010.10.28 23:00:02.630,2.11433,2.11534,1.10,1.10
2010.10.28 23:00:04.707,2.11433,2.11534,1.10,1.10
2010.10.28 23:00:06.829,2.11433,2.11534,1.10,1.10
2010.10.28 23:00:10.085,2.11433,2.11534,1.10,1.10
2010.10.28 23:00:11.838,2.11433,2.11534,1.10,1.10
2010.10.28 23:00:14.199,2.11433,2.11534,1.10,1.10
2010.10.28 23:00:16.232,2.11433,2.11534,1.10,1.10
2010.10.28 23:00:18.438,2.11433,2.11534,1.10,1.10
2010.10.28 23:00:20.574,2.11433,2.11534,1.10,1.10
2010.10.28 23:00:20.680,2.11433,2.11542,2.20,1.10
2010.10.28 23:00:22.916,2.11433,2.11542,5.20,1.10
2010.10.28 23:00:25.652,2.11433,2.11542,3.50,1.10
2010.10.28 23:00:26.970,2.11433,2.11542,1.40,1.10
2010.10.28 23:00:29.363,2.11433,2.11542,1.40,1.10
2010.10.28 23:00:31.484,2.11433,2.11542,1.40,1.10
2010.10.28 23:00:33.707,2.11433,2.11542,1.40,1.10
2010.10.28 23:00:35.730,2.11433,2.11542,1.40,1.10
2010.10.28 23:00:38.765,2.11433,2.11542,1.40,1.10
2010.10.28 23:00:40.941,2.11433,2.11542,1.40,1.10
2010.10.28 23:00:42.982,2.11433,2.11542,1.40,1.10
2010.10.28 23:00:45.000,2.11433,2.11542,1.40,1.10
2010.10.28 23:00:47.063,2.11433,2.11542,1.40,1.10
2010.10.28 23:00:49.798,2.11433,2.11542,1.40,1.10
2010.10.28 23:00:51.871,2.11433,2.11542,1.40,1.10
2010.10.28 23:00:54.294,2.11433,2.11542,1.40,1.10
2010.10.28 23:00:56.373,2.11433,2.11542,1.40,1.10
2010.10.28 23:00:58.465,2.11433,2.11542,1.40,1.10
2010.10.28 23:01:00.964,2.11433,2.11542,1.40,1.10
2010.10.28 23:01:03.133,2.11433,2.11542,1.40,1.10
2010.10.28 23:01:05.445,2.11433,2.11542,1.40,1.10
2010.10.28 23:01:07.636,2.11433,2.11542,1.40,1.10
2010.10.28 23:01:09.642,2.11433,2.11542,1.30,1.10
2010.10.28 23:01:12.005,2.11433,2.11542,1.30,1.10
2010.10.28 23:01:14.225,2.11433,2.11542,1.40,1.10
2010.10.28 23:01:16.312,2.11433,2.11542,1.40,1.10
2010.10.28 23:01:18.333,2.11433,2.11542,1.40,1.10
2010.10.28 23:01:20.260,2.11438,2.11548,1.30,1.10
2010.10.28 23:01:23.365,2.11438,2.11548,1.30,1.10
2010.10.28 23:01:26.019,2.11438,2.11548,1.30,1.10
2010.10.28 23:01:28.362,2.11438,2.11548,1.30,1.10
2010.10.28 23:01:30.382,2.11438,2.11548,1.30,1.10
2010.10.28 23:01:32.759,2.11438,2.11548,1.30,1.10
2010.10.28 23:01:34.836,2.11438,2.11548,1.30,1.10
2010.10.28 23:01:36.873,2.11438,2.11548,1.30,1.10
2010.10.28 23:01:39.300,2.11438,2.11548,1.30,1.10
2010.10.28 23:01:41.378,2.11438,2.11548,1.30,1.10
2010.10.28 23:01:41.711,2.11438,2.11548,1.40,1.10
2010.10.28 23:01:42.575,2.11455,2.11576,1.30,1.30
2010.10.28 23:01:44.906,2.11455,2.11576,1.30,1.30
2010.10.28 23:01:47.077,2.11455,2.11576,1.40,1.30
2010.10.28 23:01:49.091,2.11455,2.11576,1.20,1.10
2010.10.28 23:01:51.534,2.11455,2.11576,1.20,1.10
2010.10.28 23:01:53.615,2.11455,2.11576,1.20,1.10
2010.10.28 23:01:56.027,2.11455,2.11576,1.20,1.10
2010.10.28 23:01:58.354,2.11455,2.11576,1.20,1.10
2010.10.28 23:02:00.405,2.11455,2.11576,1.20,1.10
2010.10.28 23:02:02.734,2.11455,2.11576,1.20,1.10
2010.10.28 23:02:04.949,2.11455,2.11576,1.20,1.10
2010.10.28 23:02:07.116,2.11455,2.11576,1.20,1.10
2010.10.28 23:02:09.958,2.11455,2.11576,1.20,1.10
2010.10.28 23:02:12.116,2.11455,2.11576,1.20,1.10
2010.10.28 23:02:14.395,2.11455,2.11576,1.20,1.10
2010.10.28 23:02:16.201,2.11457,2.11591,1.40,1.30
2010.10.28 23:02:16.640,2.11467,2.1159,2.00,1.10
2010.10.28 23:02:18.342,2.1148,2.11591,1.10,2.00
2010.10.28 23:02:18.451,2.11457,2.11587,2.20,1.30
2010.10.28 23:02:19.241,2.11412,2.11548,2.00,1.10
2010.10.28 23:02:19.350,2.11412,2.11548,1.10,1.10
2010.10.28 23:02:19.791,2.114,2.11532,1.10,1.10
2010.10.28 23:02:21.093,2.114,2.11532,1.40,1.10
2010.10.28 23:02:22.341,2.114,2.11532,1.10,1.10
2010.10.28 23:02:24.990,2.114,2.11532,1.10,1.10
2010.10.28 23:02:27.157,2.114,2.11532,1.10,1.10
2010.10.28 23:02:29.824,2.114,2.11532,1.10,1.10
2010.10.28 23:02:32.171,2.114,2.11532,1.10,1.10
2010.10.28 23:02:35.006,2.114,2.11532,1.10,1.10
2010.10.28 23:02:37.176,2.114,2.11532,1.10,1.10
2010.10.28 23:02:40.021,2.114,2.11532,1.10,1.10
2010.10.28 23:02:42.190,2.114,2.11532,1.10,1.10
2010.10.28 23:02:45.025,2.114,2.11532,1.10,1.10
2010.10.28 23:02:47.194,2.114,2.11532,1.10,1.10
2010.10.28 23:02:49.963,2.114,2.11532,1.10,1.10
2010.10.28 23:02:52.203,2.114,2.11532,1.10,1.10
2010.10.28 23:02:55.047,2.114,2.11532,1.10,1.10
2010.10.28 23:02:57.221,2.114,2.11532,1.10,1.10
2010.10.28 23:02:59.280,2.114,2.11532,1.10,1.10
2010.10.28 23:03:01.467,2.114,2.11532,1.10,1.10
2010.10.28 23:03:03.550,2.114,2.11532,1.10,1.10
2010.10.28 23:03:05.836,2.114,2.11532,1.10,1.10
2010.10.28 23:03:08.557,2.114,2.11532,1.10,1.10
2010.10.28 23:03:11.225,2.114,2.11532,1.10,1.10
2010.10.28 23:03:13.457,2.114,2.11532,1.10,1.10
2010.10.28 23:03:16.235,2.114,2.11532,1.10,1.10
2010.10.28 23:03:18.577,2.114,2.11532,1.10,1.10
2010.10.28 23:03:19.360,2.11407,2.11536,1.10,1.10
2010.10.28 23:03:21.536,2.11407,2.11536,1.10,1.10
2010.10.28 23:03:23.585,2.11407,2.11536,1.10,1.10
2010.10.28 23:03:26.256,2.11407,2.11536,1.10,1.10
2010.10.28 23:03:28.374,2.11407,2.11536,1.10,1.10
2010.10.28 23:03:30.416,2.11407,2.11536,1.10,1.10
2010.10.28 23:03:33.278,2.11407,2.11536,1.10,1.10
2010.10.28 23:03:35.286,2.11407,2.11536,1.10,1.10
2010.10.28 23:03:37.296,2.11407,2.11536,1.10,1.10
2010.10.28 23:03:39.481,2.11407,2.11536,1.10,1.10
2010.10.28 23:03:41.668,2.11407,2.11536,1.10,1.10
2010.10.28 23:03:43.905,2.11407,2.11536,1.10,1.10
2010.10.28 23:03:46.289,2.11407,2.11536,1.10,1.10
2010.10.28 23:03:48.674,2.11407,2.11536,1.10,1.10
2010.10.28 23:03:51.052,2.11407,2.11536,1.10,1.10
2010.10.28 23:03:53.371,2.11407,2.11536,1.10,1.10
2010.10.28 23:03:55.469,2.11407,2.11536,1.10,1.10
2010.10.28 23:03:58.901,2.11407,2.11536,1.10,1.10
2010.10.28 23:04:01.325,2.11407,2.11536,1.10,1.10
2010.10.28 23:04:03.675,2.11407,2.11536,1.10,1.10
2010.10.28 23:04:05.851,2.11407,2.11536,1.10,1.10
2010.10.28 23:04:08.683,2.11407,2.11536,1.10,1.10
2010.10.28 23:04:11.352,2.11407,2.11536,1.10,1.10
2010.10.28 23:04:13.631,2.11407,2.11536,1.10,1.10
2010.10.28 23:04:16.081,2.11407,2.11536,1.10,1.10
2010.10.28 23:04:19.056,2.11407,2.11536,1.10,1.10
2010.10.28 23:04:21.365,2.11407,2.11536,1.10,1.10
2010.10.28 23:04:23.704,2.11407,2.11536,1.10,1.10
2010.10.28 23:04:26.373,2.11407,2.11536,1.10,1.10
2010.10.28 23:04:28.713,2.11407,2.11536,1.10,1.10
2010.10.28 23:04:31.387,2.11407,2.11536,1.10,1.10
2010.10.28 23:04:33.746,2.11407,2.11536,1.10,1.10
2010.10.28 23:04:35.804,2.11407,2.11536,1.10,1.10
2010.10.28 23:04:38.093,2.11405,2.11526,1.10,1.10
2010.10.28 23:04:40.258,2.11405,2.11526,1.10,1.10
2010.10.28 23:04:42.304,2.11405,2.11526,1.10,1.10
2010.10.28 23:04:45.274,2.11405,2.11526,1.10,1.10
2010.10.28 23:04:47.440,2.11405,2.11526,1.10,1.10
2010.10.28 23:04:49.753,2.11405,2.11526,1.10,1.10
2010.10.28 23:04:52.449,2.11405,2.11526,1.10,1.10
2010.10.28 23:04:54.703,2.11405,2.11526,1.10,1.10
2010.10.28 23:04:56.733,2.11405,2.11526,1.10,1.10
2010.10.28 23:04:58.773,2.11405,2.11526,1.10,1.10
2010.10.28 23:05:00.401,2.11406,2.11537,1.10,1.10
2010.10.28 23:05:00.925,2.11406,2.11537,1.10,1.30
2010.10.28 23:05:01.032,2.11406,2.11537,1.10,1.10
2010.10.28 23:05:01.471,2.11406,2.11537,1.10,1.80
2010.10.28 23:05:01.691,2.11378,2.11509,1.10,1.10
2010.10.28 23:05:03.784,2.11378,2.11509,1.10,1.10
2010.10.28 23:05:05.830,2.11378,2.11509,1.10,1.30
2010.10.28 23:05:08.129,2.11378,2.11509,1.10,1.30
2010.10.28 23:05:10.319,2.11378,2.11509,1.20,1.30
2010.10.28 23:05:12.486,2.11378,2.11509,1.20,1.30
2010.10.28 23:05:15.098,2.11378,2.11509,1.20,1.30
2010.10.28 23:05:17.505,2.11378,2.11509,1.20,1.30
2010.10.28 23:05:18.360,2.11378,2.11509,1.20,1.30
2010.10.28 23:05:20.440,2.11378,2.11509,1.20,1.30
2010.10.28 23:05:22.508,2.11379,2.11511,1.10,1.30
2010.10.28 23:05:25.345,2.11379,2.11511,1.10,1.30
2010.10.28 23:05:27.521,2.11379,2.11511,1.10,1.30
2010.10.28 23:05:29.996,2.11379,2.11511,1.10,1.30
2010.10.28 23:05:32.464,2.11379,2.11511,1.10,1.30
2010.10.28 23:05:35.347,2.11379,2.11511,1.10,1.30
2010.10.28 23:05:35.842,2.11379,2.11511,1.40,1.30
2010.10.28 23:05:35.955,2.11408,2.11538,1.10,1.30
2010.10.28 23:05:36.171,2.11408,2.11538,1.10,1.10
2010.10.28 23:05:36.280,2.11419,2.11555,1.10,1.10
2010.10.28 23:05:36.391,2.11393,2.11525,1.10,1.10
2010.10.28 23:05:36.721,2.11436,2.11566,1.10,1.30
2010.10.28 23:05:36.942,2.11424,2.11578,1.10,2.00
2010.10.28 23:05:37.050,2.11424,2.11578,1.10,1.10
2010.10.28 23:05:37.160,2.11448,2.11582,1.10,1.10
2010.10.28 23:05:37.961,2.11423,2.11579,1.10,1.10
2010.10.28 23:05:38.070,2.11423,2.11579,1.80,1.10
2010.10.28 23:05:39.110,2.11435,2.11567,1.10,1.10
2010.10.28 23:05:41.522,2.11435,2.11567,1.10,1.10
2010.10.28 23:05:43.866,2.11435,2.11567,1.10,1.10
2010.10.28 23:05:48.875,2.11435,2.11567,1.10,1.10
2010.10.28 23:05:50.161,2.11447,2.11583,1.10,1.10
2010.10.28 23:05:52.569,2.11447,2.11583,1.10,1.10
2010.10.28 23:05:54.688,2.11447,2.11583,1.10,1.20
2010.10.28 23:05:54.791,2.11438,2.11551,1.10,1.10
2010.10.28 23:05:55.331,2.11443,2.1156,1.10,1.10
2010.10.28 23:05:55.441,2.11433,2.11557,1.10,1.10
2010.10.28 23:05:56.331,2.11444,2.11559,1.10,1.10
2010.10.28 23:05:58.634,2.11444,2.11559,1.10,1.10
2010.10.28 23:06:00.828,2.11444,2.11559,1.10,1.10
2010.10.28 23:06:00.930,2.11433,2.11557,1.10,1.10
2010.10.28 23:06:03.243,2.11433,2.11557,1.10,1.10
2010.10.28 23:06:03.354,2.11419,2.11545,1.10,1.10
2010.10.28 23:06:03.571,2.11417,2.11534,1.10,1.10
2010.10.28 23:06:05.693,2.11418,2.11533,1.10,1.10
2010.10.28 23:06:07.781,2.11423,2.11538,1.10,1.10
2010.10.28 23:06:08.165,2.11435,2.11551,1.10,1.10
2010.10.28 23:06:10.362,2.11435,2.11551,1.10,1.10
2010.10.28 23:06:12.426,2.11435,2.11551,1.10,1.10
2010.10.28 23:06:12.643,2.11424,2.1155,1.10,1.10
2010.10.28 23:06:15.446,2.11424,2.1155,1.10,1.10
2010.10.28 23:06:17.643,2.11424,2.1155,1.10,1.10
2010.10.28 23:06:19.700,2.11424,2.1155,1.10,1.10
2010.10.28 23:06:20.030,2.11422,2.11539,1.10,1.10
2010.10.28 23:06:22.108,2.11422,2.11539,1.10,1.10
2010.10.28 23:06:24.546,2.11422,2.11539,1.10,1.10
2010.10.28 23:06:24.662,2.11425,2.11549,1.10,1.10
2010.10.28 23:06:25.077,2.11425,2.11558,1.10,1.10
2010.10.28 23:06:25.183,2.11437,2.11563,1.10,1.10
2010.10.28 23:06:25.511,2.11457,2.11569,1.10,1.10
2010.10.28 23:06:25.731,2.11463,2.11578,1.10,1.10
2010.10.28 23:06:26.511,2.11463,2.11586,1.10,1.10
2010.10.28 23:06:26.731,2.11463,2.11578,1.10,1.10
2010.10.28 23:06:28.960,2.11463,2.11578,1.10,1.10
2010.10.28 23:06:31.336,2.11463,2.11578,1.10,1.10
2010.10.28 23:06:33.970,2.11463,2.11578,1.10,1.10
2010.10.28 23:06:36.443,2.11463,2.11578,1.10,1.10
2010.10.28 23:06:38.549,2.11463,2.11578,1.10,1.10
2010.10.28 23:06:40.753,2.11463,2.11578,1.10,1.10
2010.10.28 23:06:43.119,2.11463,2.11578,1.10,1.10
2010.10.28 23:06:45.179,2.11463,2.11578,1.10,1.10
2010.10.28 23:06:47.676,2.11463,2.11578,1.10,1.10
2010.10.28 23:06:50.365,2.11463,2.11578,1.10,1.10
2010.10.28 23:06:52.747,2.11463,2.11578,1.10,1.10
2010.10.28 23:06:55.245,2.11463,2.11578,1.10,1.10
2010.10.28 23:06:56.921,2.11457,2.11572,1.10,1.10
2010.10.28 23:06:57.403,2.11458,2.11585,1.10,1.10
2010.10.28 23:06:57.511,2.11456,2.11573,1.10,1.10
2010.10.28 23:06:59.967,2.11456,2.11573,1.10,1.10
2010.10.28 23:07:01.686,2.11456,2.11573,1.10,1.10
2010.10.28 23:07:04.201,2.11456,2.11573,1.10,1.10
2010.10.28 23:07:06.581,2.11456,2.11573,1.10,1.10
2010.10.28 23:07:09.034,2.11456,2.11573,1.10,1.10
2010.10.28 23:07:11.714,2.11456,2.11573,1.10,1.10
2010.10.28 23:07:14.120,2.11456,2.11573,1.10,1.10
2010.10.28 23:07:16.527,2.11456,2.11573,1.10,1.10
2010.10.28 23:07:18.826,2.11456,2.11573,1.10,1.10
2010.10.28 23:07:20.910,2.11456,2.11573,1.10,1.10
2010.10.28 23:07:22.921,2.11456,2.11573,1.10,1.30
2010.10.28 23:07:25.019,2.11456,2.11573,1.10,1.40
2010.10.28 23:07:25.560,2.11445,2.11556,1.10,1.10
2010.10.28 23:07:27.757,2.11445,2.11556,1.10,1.10
2010.10.28 23:07:29.481,2.11433,2.11555,1.10,1.10
2010.10.28 23:07:31.750,2.11433,2.11555,1.10,1.10
2010.10.28 23:07:34.092,2.11433,2.11555,1.10,1.10
2010.10.28 23:07:36.757,2.11433,2.11555,1.10,1.10
2010.10.28 23:07:39.097,2.11433,2.11555,1.10,1.10
2010.10.28 23:07:41.779,2.11433,2.11555,1.10,1.10
2010.10.28 23:07:43.771,2.11433,2.11555,1.10,1.10
2010.10.28 23:07:43.881,2.1143,2.11541,1.10,1.10
2010.10.28 23:07:46.029,2.1143,2.11541,1.10,1.10
2010.10.28 23:07:48.050,2.1143,2.11541,1.10,1.10
2010.10.28 23:07:50.118,2.1143,2.11541,1.10,1.10
2010.10.28 23:07:52.299,2.1143,2.11541,1.10,1.10
2010.10.28 23:07:54.318,2.1143,2.11541,1.10,1.10
2010.10.28 23:07:55.252,2.11439,2.11532,1.10,1.10
2010.10.28 23:07:57.825,2.11439,2.11532,1.10,1.10
2010.10.28 23:08:00.098,2.11439,2.11532,1.10,1.10
2010.10.28 23:08:02.827,2.11439,2.11532,1.10,1.10
2010.10.28 23:08:04.922,2.11439,2.11532,1.10,1.10
2010.10.28 23:08:07.170,2.11439,2.11532,1.10,1.10
2010.10.28 23:08:09.354,2.11439,2.11532,1.10,1.10
2010.10.28 23:08:11.878,2.11439,2.11532,1.10,1.10
2010.10.28 23:08:14.178,2.11439,2.11532,1.10,1.10
2010.10.28 23:08:16.344,2.11439,2.11532,1.10,1.10
2010.10.28 23:08:18.831,2.11439,2.11532,1.10,1.10
2010.10.28 23:08:18.946,2.11452,2.11548,1.10,1.10
2010.10.28 23:08:21.021,2.11452,2.11548,1.10,1.10
2010.10.28 23:08:23.208,2.11452,2.11548,1.10,1.10
2010.10.28 23:08:24.031,2.11455,2.1156,1.10,1.10
2010.10.28 23:08:24.711,2.11456,2.11572,1.10,1.10
2010.10.28 23:08:24.931,2.11465,2.11563,1.10,1.10
2010.10.28 23:08:25.152,2.11468,2.11573,1.10,1.10
2010.10.28 23:08:25.261,2.1148,2.11575,1.10,1.10
2010.10.28 23:08:25.921,2.1148,2.11583,1.10,1.10
2010.10.28 23:08:26.031,2.11479,2.11576,1.10,1.10
2010.10.28 23:08:29.206,2.11479,2.11576,1.10,1.10
2010.10.28 23:08:31.291,2.11479,2.11576,1.10,1.10
2010.10.28 23:08:33.611,2.11479,2.11576,1.10,1.10
2010.10.28 23:08:35.724,2.11479,2.11576,1.10,1.10
2010.10.28 23:08:38.145,2.11479,2.11576,1.10,1.10
2010.10.28 23:08:40.605,2.11479,2.11576,1.10,1.10
2010.10.28 23:08:42.626,2.11479,2.11576,1.10,1.10
2010.10.28 23:08:44.688,2.11479,2.11576,1.10,1.10
2010.10.28 23:08:46.900,2.11479,2.11576,1.10,1.10
2010.10.28 23:08:49.246,2.11479,2.11576,1.10,1.10
2010.10.28 23:08:51.907,2.11479,2.11576,1.10,1.10
2010.10.28 23:08:54.084,2.11479,2.11576,1.10,1.10
2010.10.28 23:08:56.310,2.11479,2.11576,1.10,1.10
2010.10.28 23:08:59.268,2.11479,2.11576,1.10,1.10
2010.10.28 23:09:01.835,2.11479,2.11576,1.10,1.10
2010.10.28 23:09:02.052,2.11479,2.11576,1.10,1.10
2010.10.28 23:09:02.162,2.11478,2.1157,1.10,1.10
2010.10.28 23:09:04.275,2.11478,2.1157,1.10,1.10
2010.10.28 23:09:06.519,2.11478,2.1157,1.10,1.10
2010.10.28 23:09:08.640,2.11478,2.1157,1.10,1.10
2010.10.28 23:09:11.000,2.11478,2.1157,1.10,1.10
2010.10.28 23:09:14.207,2.1148,2.11575,1.10,1.10
2010.10.28 23:09:16.357,2.1148,2.11575,1.10,1.10
2010.10.28 23:09:19.307,2.1148,2.11575,1.10,1.10
2010.10.28 23:09:21.462,2.1148,2.11575,1.10,1.10
2010.10.28 23:09:24.313,2.1148,2.11575,1.10,1.10
2010.10.28 23:09:26.980,2.1148,2.11575,1.10,1.10
2010.10.28 23:09:29.242,2.1148,2.11575,1.10,1.10
2010.10.28 23:09:31.492,2.1148,2.11575,1.10,1.10
2010.10.28 23:09:34.106,2.1148,2.11575,1.10,1.10
2010.10.28 23:09:35.839,2.1148,2.11575,1.10,1.10
2010.10.28 23:09:38.022,2.1148,2.11575,1.10,1.10
2010.10.28 23:09:39.101,2.1148,2.11583,1.10,1.10
2010.10.28 23:09:39.871,2.11479,2.11576,1.10,1.10
2010.10.28 23:09:42.010,2.11479,2.11576,1.10,1.10
2010.10.28 23:09:42.481,2.11481,2.11582,1.10,1.10
2010.10.28 23:09:42.921,2.11492,2.11584,1.10,1.10
2010.10.28 23:09:45.664,2.11492,2.11584,1.10,1.10
2010.10.28 23:09:48.038,2.11492,2.11584,1.10,1.10
2010.10.28 23:09:50.070,2.11492,2.11584,1.10,1.10
2010.10.28 23:09:52.178,2.11493,2.11588,1.10,1.10
2010.10.28 23:09:54.368,2.11493,2.11588,1.10,1.10
2010.10.28 23:09:57.050,2.11493,2.11588,1.10,1.10
2010.10.28 23:09:59.377,2.11493,2.11588,1.10,1.10
2010.10.28 23:10:00.731,2.11508,2.11599,1.10,1.10
2010.10.28 23:10:01.391,2.11512,2.11605,1.10,1.10
2010.10.28 23:10:03.321,2.11519,2.11614,1.10,1.10
2010.10.28 23:10:03.542,2.11503,2.11615,1.10,1.10
2010.10.28 23:10:03.982,2.115,2.1159,1.10,1.10
2010.10.28 23:10:05.471,2.11505,2.11598,1.10,1.10
2010.10.28 23:10:06.171,2.115,2.1159,1.10,1.10
2010.10.28 23:10:08.390,2.115,2.1159,1.10,1.10
2010.10.28 23:10:10.471,2.115,2.1159,1.10,1.10
2010.10.28 23:10:10.691,2.11493,2.11584,1.10,1.10
2010.10.28 23:10:11.277,2.11499,2.11591,1.10,1.10
2010.10.28 23:10:13.093,2.11499,2.11591,1.10,1.10
2010.10.28 23:10:15.923,2.11499,2.11591,1.10,1.10
2010.10.28 23:10:18.465,2.11499,2.11591,1.10,1.10
2010.10.28 23:10:19.912,2.11491,2.11587,1.10,1.10
2010.10.28 23:10:21.920,2.11491,2.11586,1.10,1.10
2010.10.28 23:10:22.781,2.11479,2.11585,1.10,1.10
2010.10.28 23:10:23.002,2.11468,2.11573,1.10,1.10
2010.10.28 23:10:25.950,2.11468,2.11573,1.10,1.10
2010.10.28 23:10:27.981,2.11463,2.11567,1.10,1.10
2010.10.28 23:10:29.031,2.11473,2.11568,1.10,1.10
2010.10.28 23:10:31.169,2.11473,2.11568,1.10,1.10
2010.10.28 23:10:33.471,2.11473,2.11568,1.10,1.10
2010.10.28 23:10:35.964,2.11473,2.11568,1.10,1.10
2010.10.28 23:10:38.137,2.11473,2.11568,1.10,1.10
2010.10.28 23:10:40.970,2.11473,2.11568,1.10,1.10
2010.10.28 23:10:43.192,2.11473,2.11568,1.10,1.10
2010.10.28 23:10:45.976,2.11473,2.11568,1.10,1.10
2010.10.28 23:10:48.160,2.11473,2.11568,1.10,1.10
2010.10.28 23:10:50.432,2.11473,2.11568,1.10,1.10
2010.10.28 23:10:52.660,2.11473,2.11568,1.10,1.10
2010.10.28 23:10:54.758,2.11473,2.11568,1.10,1.10
2010.10.28 23:10:57.166,2.11473,2.11568,1.10,1.10
2010.10.28 23:10:59.220,2.11473,2.11568,1.10,1.10
2010.10.28 23:11:01.232,2.11473,2.11568,1.10,1.10
2010.10.28 23:11:04.517,2.11473,2.11568,1.10,1.10
2010.10.28 23:11:06.745,2.11473,2.11568,1.10,1.10
2010.10.28 23:11:09.525,2.11473,2.11568,1.10,1.10
2010.10.28 23:11:12.192,2.11473,2.11568,1.10,1.10
2010.10.28 23:11:14.296,2.11473,2.11568,1.10,1.10
2010.10.28 23:11:17.424,2.11473,2.11568,1.10,1.10
2010.10.28 23:11:19.555,2.11473,2.11568,1.10,1.10
2010.10.28 23:11:22.032,2.11473,2.11568,1.10,1.10
2010.10.28 23:11:24.546,2.11473,2.11568,1.10,1.10
2010.10.28 23:11:26.722,2.11473,2.11568,1.10,1.10
2010.10.28 23:11:28.980,2.11473,2.11568,1.10,1.10
2010.10.28 23:11:31.023,2.11473,2.11568,1.10,1.10
2010.10.28 23:11:33.255,2.11473,2.11568,1.10,1.10
2010.10.28 23:11:35.381,2.11473,2.11568,1.10,1.10
2010.10.28 23:11:38.264,2.11473,2.11568,1.10,1.10
2010.10.28 23:11:40.566,2.11473,2.11568,1.10,1.10
2010.10.28 23:11:42.604,2.11473,2.11568,1.10,1.10
2010.10.28 23:11:44.974,2.11473,2.11568,1.10,1.10
2010.10.28 23:11:47.263,2.11473,2.11568,1.10,1.10
2010.10.28 23:11:49.484,2.11473,2.11568,1.10,1.10
2010.10.28 23:11:51.511,2.11473,2.11568,1.10,1.10
2010.10.28 23:11:54.434,2.11473,2.11568,1.10,1.10
2010.10.28 23:11:57.283,2.11473,2.11568,1.10,1.10
2010.10.28 23:11:59.341,2.11473,2.11568,1.10,1.10
2010.10.28 23:12:00.861,2.11473,2.11568,1.80,1.10
2010.10.28 23:12:03.307,2.11481,2.11572,1.10,1.10
2010.10.28 23:12:05.873,2.11481,2.11572,1.10,1.10
2010.10.28 23:12:08.321,2.11481,2.11572,1.10,1.10
2010.10.28 23:12:10.631,2.11481,2.11572,1.10,1.10
2010.10.28 23:12:13.327,2.11481,2.11572,1.10,1.10
2010.10.28 23:12:16.136,2.11481,2.11572,1.10,1.10
2010.10.28 23:12:18.346,2.11481,2.11572,1.10,1.10
2010.10.28 23:12:21.007,2.11481,2.11572,1.10,1.10
2010.10.28 23:12:23.346,2.11481,2.11572,1.10,1.10
2010.10.28 23:12:25.645,2.11481,2.11572,1.10,1.10
2010.10.28 23:12:27.827,2.11481,2.11572,1.10,1.10
2010.10.28 23:12:29.948,2.11481,2.11572,1.10,1.10
2010.10.28 23:12:32.354,2.11481,2.11572,1.10,1.10
2010.10.28 23:12:34.357,2.11481,2.11572,1.10,1.10
2010.10.28 23:12:36.398,2.11481,2.11572,1.10,1.10
2010.10.28 23:12:39.075,2.11481,2.11572,1.10,1.10
2010.10.28 23:12:41.152,2.11481,2.11572,1.10,1.10
2010.10.28 23:12:43.399,2.11481,2.11572,1.10,1.10
2010.10.28 23:12:45.654,2.11481,2.11572,1.10,1.10
2010.10.28 23:12:48.401,2.11481,2.11572,1.10,1.10
2010.10.28 23:12:50.509,2.11481,2.11572,1.10,1.10
2010.10.28 23:12:53.415,2.11481,2.11572,1.10,1.10
2010.10.28 23:12:55.650,2.11481,2.11572,1.10,1.10
2010.10.28 23:12:57.691,2.11481,2.11572,1.10,1.10
2010.10.28 23:12:59.743,2.11481,2.11572,1.10,1.10
2010.10.28 23:13:02.425,2.11481,2.11572,1.10,1.10
2010.10.28 23:13:04.757,2.11481,2.11572,1.10,1.10
2010.10.28 23:13:07.791,2.11481,2.11572,1.10,1.10
2010.10.28 23:13:09.882,2.11481,2.11572,1.10,1.10
2010.10.28 23:13:12.425,2.11481,2.11572,1.10,1.10
2010.10.28 23:13:15.122,2.11481,2.11572,1.10,1.10
2010.10.28 23:13:17.112,2.11481,2.11572,1.10,1.10
2010.10.28 23:13:19.317,2.11481,2.11572,1.10,1.10
2010.10.28 23:13:21.415,2.11481,2.11572,1.10,1.10
2010.10.28 23:13:23.471,2.11481,2.11572,1.10,1.10
2010.10.28 23:13:26.213,2.11481,2.11572,1.10,1.10
2010.10.28 23:13:28.245,2.11481,2.11572,1.10,1.10
2010.10.28 23:13:30.335,2.11481,2.11572,1.10,1.10
2010.10.28 23:13:32.465,2.11481,2.11572,1.10,1.10
2010.10.28 23:13:34.521,2.11481,2.11572,1.10,1.10
2010.10.28 23:13:37.489,2.11481,2.11572,1.10,1.10
2010.10.28 23:13:39.508,2.11481,2.11572,1.10,1.10
2010.10.28 23:13:41.516,2.11481,2.11572,1.10,1.10
2010.10.28 23:13:44.313,2.11481,2.11572,1.10,1.10
2010.10.28 23:13:46.325,2.11481,2.11572,1.10,1.10
2010.10.28 23:13:46.762,2.11473,2.11568,1.80,1.10
2010.10.28 23:13:47.234,2.11465,2.11556,1.50,1.10
2010.10.28 23:13:47.452,2.11459,2.11556,1.50,1.10
2010.10.28 23:13:49.461,2.11459,2.11556,1.50,1.10
2010.10.28 23:13:50.590,2.11459,2.11556,1.50,1.10
2010.10.28 23:13:50.703,2.11474,2.11565,1.10,1.10
2010.10.28 23:13:53.152,2.11474,2.11565,1.10,1.10
2010.10.28 23:13:56.358,2.11474,2.11565,1.10,1.10
2010.10.28 23:13:58.542,2.11474,2.11565,1.10,1.10
2010.10.28 23:14:00.612,2.11474,2.11565,1.10,1.10
2010.10.28 23:14:02.636,2.11474,2.11565,1.10,1.10
2010.10.28 23:14:04.662,2.11474,2.11565,1.10,1.10
2010.10.28 23:14:06.082,2.11481,2.11572,1.10,1.10
2010.10.28 23:14:08.566,2.11481,2.11572,1.10,1.10
2010.10.28 23:14:09.492,2.11486,2.11579,1.10,1.10
2010.10.28 23:14:11.558,2.11486,2.11579,1.10,1.10
2010.10.28 23:14:13.565,2.11486,2.11579,1.10,1.10
2010.10.28 23:14:15.573,2.11486,2.11579,1.10,1.10
2010.10.28 23:14:15.793,2.11492,2.11579,1.50,1.10
2010.10.28 23:14:15.903,2.11493,2.11586,1.10,1.10
2010.10.28 23:14:18.433,2.11493,2.11586,1.10,1.10
2010.10.28 23:14:20.522,2.11493,2.11586,1.10,1.10
2010.10.28 23:14:22.573,2.11493,2.11586,1.10,1.10
2010.10.28 23:14:24.908,2.11493,2.11586,1.10,1.10
2010.10.28 23:14:26.920,2.11493,2.11586,1.10,1.10
2010.10.28 23:14:30.283,2.11493,2.11586,1.10,1.10
2010.10.28 23:14:32.588,2.11493,2.11586,1.10,1.10
2010.10.28 23:14:34.625,2.11493,2.11586,1.10,1.10
2010.10.28 23:14:37.199,2.11493,2.11586,1.10,1.10
2010.10.28 23:14:39.995,2.11493,2.11586,1.10,1.10
2010.10.28 23:14:42.609,2.11493,2.11586,1.10,1.10
2010.10.28 23:14:44.948,2.11493,2.11586,1.10,1.10
2010.10.28 23:14:47.625,2.11493,2.11586,1.10,1.10
2010.10.28 23:14:49.962,2.11493,2.11586,1.10,1.10
2010.10.28 23:14:52.009,2.11493,2.11586,1.10,1.10
2010.10.28 23:14:54.974,2.11493,2.11586,1.10,1.10
2010.10.28 23:14:57.698,2.11493,2.11586,1.10,1.10
2010.10.28 23:14:59.981,2.11493,2.11586,1.10,1.10
2010.10.28 23:15:02.658,2.11493,2.11586,1.10,1.10
2010.10.28 23:15:04.986,2.11493,2.11586,1.10,1.10
2010.10.28 23:15:07.682,2.11493,2.11586,1.10,1.10
2010.10.28 23:15:09.959,2.11493,2.11586,1.10,1.10
2010.10.28 23:15:12.670,2.11493,2.11586,1.10,1.10
2010.10.28 23:15:15.022,2.11493,2.11586,1.10,1.10
2010.10.28 23:15:17.675,2.11493,2.11586,1.10,1.10
2010.10.28 23:15:20.015,2.11493,2.11586,1.10,1.10
2010.10.28 23:15:22.363,2.11493,2.11586,1.10,1.10
2010.10.28 23:15:24.495,2.11493,2.11586,1.10,1.10
2010.10.28 23:15:26.539,2.11493,2.11586,1.10,1.10
2010.10.28 23:15:28.442,2.11485,2.11582,1.80,1.10
2010.10.28 23:15:31.169,2.11486,2.1158,1.80,1.10
2010.10.28 23:15:33.733,2.11486,2.1158,1.80,1.10
2010.10.28 23:15:36.557,2.11486,2.1158,1.80,1.10
2010.10.28 23:15:38.741,2.11486,2.1158,1.80,1.10
2010.10.28 23:15:40.163,2.11479,2.11579,1.50,1.10
2010.10.28 23:15:41.903,2.11489,2.11591,1.80,1.80
2010.10.28 23:15:42.012,2.11493,2.11591,1.50,1.10
2010.10.28 23:15:44.320,2.11493,2.11579,1.50,1.10
2010.10.28 23:15:44.434,2.11493,2.11591,1.50,1.10
2010.10.28 23:15:44.543,2.11493,2.11578,1.50,1.10
2010.10.28 23:15:44.654,2.11484,2.11578,1.50,1.10
2010.10.28 23:15:44.763,2.1149,2.1159,1.10,2.60
2010.10.28 23:15:44.983,2.11493,2.11578,1.50,1.10
2010.10.28 23:15:45.093,2.11484,2.11578,1.50,1.10
2010.10.28 23:15:45.313,2.11489,2.1159,1.10,1.50
2010.10.28 23:15:45.533,2.11479,2.11579,1.50,1.10
2010.10.28 23:15:47.737,2.11479,2.11579,1.50,1.10
2010.10.28 23:15:50.082,2.11479,2.11579,1.50,1.10
2010.10.28 23:15:52.993,2.11479,2.11579,1.50,1.10
2010.10.28 23:15:55.087,2.11479,2.11579,1.50,1.10
2010.10.28 23:15:57.755,2.11479,2.11579,1.50,1.10
2010.10.28 23:15:59.910,2.11479,2.11579,1.50,1.10
2010.10.28 23:16:02.773,2.11479,2.11579,1.50,1.10
2010.10.28 23:16:04.891,2.11479,2.11579,1.50,1.10
2010.10.28 23:16:07.073,2.11479,2.11579,1.50,1.10
2010.10.28 23:16:07.183,2.11479,2.11559,1.50,1.10
2010.10.28 23:16:07.403,2.11467,2.11559,1.10,1.10
2010.10.28 23:16:09.623,2.11465,2.11556,1.50,1.10
2010.10.28 23:16:10.094,2.11474,2.11568,1.10,1.10
2010.10.28 23:16:10.203,2.1148,2.11568,1.50,1.10
2010.10.28 23:16:12.793,2.1148,2.11568,1.50,1.10
2010.10.28 23:16:15.104,2.1148,2.11568,1.50,1.10
2010.10.28 23:16:17.195,2.1148,2.11568,1.50,1.10
2010.10.28 23:16:19.282,2.1148,2.11578,1.50,1.10
2010.10.28 23:16:19.393,2.11486,2.11578,1.50,1.10
2010.10.28 23:16:19.943,2.1148,2.11568,1.50,1.10
2010.10.28 23:16:20.384,2.11471,2.11555,1.50,1.10
2010.10.28 23:16:20.714,2.11465,2.11555,1.50,1.10
2010.10.28 23:16:21.217,2.1148,2.11568,1.50,1.10
2010.10.28 23:16:23.312,2.1148,2.11568,1.50,1.10
2010.10.28 23:16:25.447,2.1148,2.11568,1.50,1.10
2010.10.28 23:16:27.462,2.1148,2.11568,1.50,1.10
2010.10.28 23:16:30.163,2.1148,2.11568,1.50,1.10
2010.10.28 23:16:32.802,2.1148,2.11568,1.50,1.10
2010.10.28 23:16:35.166,2.1148,2.11568,1.50,1.10
2010.10.28 23:16:37.508,2.1148,2.11568,1.50,1.10
2010.10.28 23:16:39.658,2.1148,2.11568,1.50,1.10
2010.10.28 23:16:40.913,2.11489,2.11578,1.10,1.10
2010.10.28 23:16:41.844,2.11496,2.11585,1.10,1.10
2010.10.28 23:16:41.954,2.11502,2.11592,1.10,1.10
2010.10.28 23:16:44.875,2.11502,2.11592,1.10,1.10
2010.10.28 23:16:47.861,2.11502,2.11592,1.10,1.10
2010.10.28 23:16:50.195,2.11502,2.11592,1.10,1.10
2010.10.28 23:16:52.552,2.11502,2.11592,1.10,1.10
2010.10.28 23:16:54.554,2.11502,2.11592,1.10,1.10
2010.10.28 23:16:56.660,2.11502,2.11592,1.10,1.10
2010.10.28 23:16:57.963,2.11493,2.11591,1.50,1.10
2010.10.28 23:17:00.222,2.11493,2.11591,1.50,1.10
2010.10.28 23:17:02.802,2.11493,2.11591,1.50,1.10
2010.10.28 23:17:05.231,2.11493,2.11591,1.50,1.10
2010.10.28 23:17:07.249,2.11493,2.11588,1.50,1.10
2010.10.28 23:17:09.353,2.11493,2.11588,1.50,1.10
2010.10.28 23:17:11.745,2.11493,2.1159,1.50,1.10
2010.10.28 23:17:14.234,2.11493,2.1159,1.50,1.10
2010.10.28 23:17:16.612,2.11493,2.1159,1.50,1.10
2010.10.28 23:17:18.940,2.11493,2.1159,1.50,1.10
2010.10.28 23:17:21.769,2.11493,2.1159,1.50,1.10
2010.10.28 23:17:23.956,2.11493,2.1159,1.50,1.10
2010.10.28 23:17:26.402,2.11493,2.1159,1.50,1.10
2010.10.28 23:17:29.334,2.11493,2.1159,1.50,1.10
2010.10.28 23:17:31.781,2.11493,2.1159,1.50,1.10
2010.10.28 23:17:33.966,2.11493,2.1159,1.50,1.10
2010.10.28 23:17:36.321,2.11493,2.1159,1.50,1.10
2010.10.28 23:17:38.981,2.11493,2.1159,1.50,1.10
2010.10.28 23:17:41.801,2.11493,2.1159,1.50,1.10
2010.10.28 23:17:44.003,2.11493,2.1159,1.50,1.10
2010.10.28 23:17:46.023,2.11493,2.1159,1.50,1.10
2010.10.28 23:17:49.008,2.11493,2.1159,1.50,1.10
2010.10.28 23:17:51.878,2.11493,2.1159,1.50,1.10
2010.10.28 23:17:53.984,2.11493,2.1159,1.50,1.10
2010.10.28 23:17:56.667,2.11493,2.1159,1.50,1.10
2010.10.28 23:17:59.124,2.1149,2.1159,1.10,1.10
2010.10.28 23:18:01.186,2.1149,2.1159,1.10,1.10
2010.10.28 23:18:03.381,2.1149,2.1159,1.10,1.10
2010.10.28 23:18:05.451,2.1149,2.1159,1.10,1.10
2010.10.28 23:18:07.654,2.1149,2.1159,1.10,1.10
2010.10.28 23:18:09.243,2.11488,2.11578,1.10,1.10
2010.10.28 23:18:11.862,2.11484,2.1157,1.10,1.10
2010.10.28 23:18:14.134,2.11484,2.1157,1.10,1.10
2010.10.28 23:18:16.177,2.11484,2.1157,1.10,1.10
2010.10.28 23:18:19.394,2.11484,2.1157,1.10,1.10
2010.10.28 23:18:21.434,2.11484,2.1157,1.10,1.10
2010.10.28 23:18:23.582,2.11483,2.11571,1.10,1.10
2010.10.28 23:18:25.738,2.11481,2.1157,1.10,1.10
2010.10.28 23:18:27.757,2.11484,2.1157,1.10,1.10
2010.10.28 23:18:30.399,2.11484,2.1157,1.10,1.10
2010.10.28 23:18:32.978,2.11484,2.1157,1.10,1.10
2010.10.28 23:18:35.406,2.11484,2.1157,1.10,1.10
2010.10.28 23:18:38.039,2.11484,2.1157,1.10,1.10
2010.10.28 23:18:40.086,2.11484,2.1157,1.10,1.10
2010.10.28 23:18:42.827,2.11484,2.1157,1.10,1.10
2010.10.28 23:18:45.679,2.11484,2.1157,1.10,1.10
2010.10.28 23:18:47.999,2.11484,2.1157,1.10,1.10
2010.10.28 23:18:50.350,2.11482,2.11569,1.10,1.10
2010.10.28 23:18:53.114,2.11482,2.11569,1.10,1.10
2010.10.28 23:18:55.450,2.11482,2.11569,1.10,1.10
2010.10.28 23:18:58.117,2.11482,2.11569,1.10,1.10
2010.10.28 23:19:00.377,2.11482,2.11569,1.10,1.10
2010.10.28 23:19:01.773,2.1148,2.11562,1.50,1.10
2010.10.28 23:19:04.060,2.1148,2.11562,1.50,1.10
2010.10.28 23:19:05.699,2.11484,2.1157,1.10,1.10
2010.10.28 23:19:08.142,2.11484,2.1157,1.10,1.10
2010.10.28 23:19:10.411,2.11484,2.1157,1.10,1.10
2010.10.28 23:19:13.166,2.11484,2.1157,1.10,1.10
2010.10.28 23:19:15.222,2.11484,2.1157,1.10,1.10
2010.10.28 23:19:17.347,2.11484,2.1157,1.10,1.10
2010.10.28 23:19:19.394,2.11484,2.1157,1.10,1.10
2010.10.28 23:19:21.758,2.11484,2.1157,1.10,1.10
2010.10.28 23:19:23.918,2.11484,2.1157,1.10,1.10
2010.10.28 23:19:27.010,2.11484,2.1157,1.10,1.10
2010.10.28 23:19:28.312,2.11476,2.11565,1.10,1.10
2010.10.28 23:19:28.974,2.11473,2.11557,1.50,1.10
2010.10.28 23:19:32.036,2.11473,2.11557,1.50,1.10
2010.10.28 23:19:34.203,2.11473,2.11557,1.50,1.10
2010.10.28 23:19:36.637,2.11473,2.11557,1.50,1.10
2010.10.28 23:19:39.328,2.11473,2.11557,1.50,1.10
2010.10.28 23:19:42.014,2.11473,2.11557,1.50,1.10
2010.10.28 23:19:44.077,2.11473,2.11557,1.50,1.10
2010.10.28 23:19:46.351,2.11473,2.11557,1.50,1.10
2010.10.28 23:19:48.575,2.11473,2.11557,1.50,1.10
2010.10.28 23:19:50.663,2.11473,2.11557,1.50,1.10
2010.10.28 23:19:53.234,2.11473,2.11557,1.50,1.10
2010.10.28 23:19:54.723,2.11476,2.11565,1.10,1.10
2010.10.28 23:19:57.069,2.11476,2.11565,1.10,1.10
2010.10.28 23:19:59.644,2.11476,2.11565,1.10,1.10
2010.10.28 23:20:02.088,2.11476,2.11565,1.10,1.10
2010.10.28 23:20:04.340,2.11476,2.11565,1.10,1.10
2010.10.28 23:20:07.094,2.11476,2.11565,1.10,1.10
2010.10.28 23:20:09.310,2.11476,2.11565,1.10,1.10
2010.10.28 23:20:11.363,2.11476,2.11565,1.10,1.10
2010.10.28 23:20:13.686,2.11476,2.11565,1.10,1.10
2010.10.28 23:20:15.799,2.11476,2.11565,1.10,1.10
2010.10.28 23:20:18.274,2.11476,2.11565,1.10,1.10
2010.10.28 23:20:20.325,2.11476,2.11565,1.10,1.10
2010.10.28 23:20:22.485,2.11476,2.11565,1.10,1.10
2010.10.28 23:20:25.130,2.11476,2.11565,1.10,1.10
2010.10.28 23:20:27.364,2.11476,2.11565,1.10,1.10
2010.10.28 23:20:29.432,2.11476,2.11565,1.10,1.10
2010.10.28 23:20:32.149,2.11476,2.11565,1.10,1.10
2010.10.28 23:20:34.447,2.11476,2.11565,1.10,1.10
2010.10.28 23:20:38.912,2.11476,2.11565,1.10,1.10
2010.10.28 23:20:41.683,2.11476,2.11565,1.10,1.10
2010.10.28 23:20:43.742,2.11476,2.11565,1.10,1.10
2010.10.28 23:20:45.814,2.11476,2.11565,1.10,1.10
2010.10.28 23:20:48.223,2.11476,2.11565,1.10,1.10
2010.10.28 23:20:50.479,2.11476,2.11565,1.10,1.10
2010.10.28 23:20:53.082,2.11476,2.11565,1.10,1.10
2010.10.28 23:20:55.266,2.11476,2.11565,1.10,1.10
2010.10.28 23:20:57.920,2.11476,2.11565,1.10,1.10
2010.10.28 23:21:00.025,2.11476,2.11565,1.10,1.10
2010.10.28 23:21:02.196,2.11476,2.11565,1.10,1.10
2010.10.28 23:21:04.509,2.11476,2.11565,1.10,1.10
2010.10.28 23:21:06.835,2.11476,2.11565,1.10,1.10
2010.10.28 23:21:08.950,2.11476,2.11565,1.10,1.10
2010.10.28 23:21:11.032,2.11476,2.11565,1.10,1.10
2010.10.28 23:21:13.106,2.11476,2.11565,1.10,1.10
2010.10.28 23:21:15.564,2.11476,2.11565,1.10,1.10
2010.10.28 23:21:17.614,2.11476,2.11565,1.10,1.10
2010.10.28 23:21:19.631,2.11476,2.11565,1.10,1.10
2010.10.28 23:21:22.102,2.11476,2.11565,1.10,1.10
2010.10.28 23:21:24.543,2.11476,2.11565,1.10,1.10
2010.10.28 23:21:27.524,2.11476,2.11565,1.10,1.10
2010.10.28 23:21:30.753,2.11476,2.11565,1.10,1.10
2010.10.28 23:21:33.423,2.11476,2.11565,1.10,1.10
2010.10.28 23:21:35.450,2.11476,2.11565,1.10,1.10
2010.10.28 23:21:38.436,2.11476,2.11565,1.10,1.10
2010.10.28 23:21:40.780,2.11476,2.11565,1.10,1.10
2010.10.28 23:21:43.442,2.11476,2.11565,1.10,1.10
2010.10.28 23:21:45.792,2.11476,2.11565,1.10,1.10
2010.10.28 23:21:48.178,2.11476,2.11565,1.10,1.10
2010.10.28 23:21:50.224,2.11476,2.11565,1.10,1.10
2010.10.28 23:21:52.673,2.11476,2.11565,1.10,1.10
2010.10.28 23:21:54.599,2.11476,2.11565,1.10,1.10
2010.10.28 23:21:56.783,2.11476,2.11565,1.10,1.10
2010.10.28 23:21:59.324,2.11476,2.11565,1.10,1.10
2010.10.28 23:22:02.324,2.11476,2.11565,1.10,1.10
2010.10.28 23:22:04.617,2.11476,2.11565,1.10,1.10
2010.10.28 23:22:07.333,2.11476,2.11565,1.10,1.10
2010.10.28 23:22:09.626,2.11476,2.11565,1.10,1.10
2010.10.28 23:22:11.916,2.11476,2.11565,1.10,1.10
2010.10.28 23:22:13.928,2.11476,2.11565,1.10,1.10
2010.10.28 23:22:16.148,2.11476,2.11565,1.10,1.10
2010.10.28 23:22:18.326,2.11476,2.11565,1.10,1.10
2010.10.28 23:22:20.464,2.11476,2.11565,1.10,1.10
2010.10.28 23:22:23.167,2.11476,2.11565,1.10,1.10
2010.10.28 23:22:25.868,2.11476,2.11565,1.10,1.10
2010.10.28 23:22:28.539,2.11476,2.11565,1.10,1.10
2010.10.28 23:22:30.709,2.11476,2.11565,1.10,1.10
2010.10.28 23:22:33.556,2.11476,2.11565,1.10,1.10
2010.10.28 23:22:35.572,2.11476,2.11565,1.10,1.10
2010.10.28 23:22:36.610,2.11487,2.11565,1.70,1.10
2010.10.28 23:22:36.724,2.11477,2.11564,1.10,1.10
2010.10.28 23:22:37.579,2.11477,2.11564,2.00,1.30
2010.10.28 23:22:37.915,2.11477,2.11564,1.10,2.00
2010.10.28 23:22:39.254,2.11463,2.1155,1.10,2.00
2010.10.28 23:22:40.133,2.11447,2.11535,1.10,1.10
2010.10.28 23:22:42.244,2.11438,2.11523,1.50,1.10
2010.10.28 23:22:43.013,2.11428,2.11517,1.30,1.10
2010.10.28 23:22:45.096,2.11428,2.11517,1.10,1.10
2010.10.28 23:22:47.175,2.11428,2.11517,1.10,1.10
2010.10.28 23:22:48.836,2.11428,2.11517,1.30,1.10
2010.10.28 23:22:49.163,2.11442,2.11531,1.10,1.80
2010.10.28 23:22:51.214,2.11442,2.11531,1.30,1.10
2010.10.28 23:22:53.591,2.11442,2.11531,1.30,1.10
2010.10.28 23:22:55.932,2.11442,2.11531,1.30,1.10
2010.10.28 23:22:58.529,2.11442,2.11531,1.30,1.10
2010.10.28 23:23:00.728,2.11442,2.11531,1.30,1.10
2010.10.28 23:23:02.834,2.11442,2.11531,1.30,1.10
2010.10.28 23:23:05.764,2.11442,2.11531,1.30,1.10
2010.10.28 23:23:07.855,2.11442,2.11531,1.30,1.10
2010.10.28 23:23:09.966,2.11442,2.11531,1.30,1.10
2010.10.28 23:23:12.741,2.11442,2.11531,1.30,1.10
2010.10.28 23:23:14.775,2.11442,2.11531,1.30,1.10
2010.10.28 23:23:17.469,2.11442,2.11531,1.30,1.10
2010.10.28 23:23:19.618,2.11442,2.11531,1.30,1.10
2010.10.28 23:23:22.488,2.11442,2.11531,1.30,1.10
2010.10.28 23:23:24.790,2.11442,2.11531,1.30,1.10
2010.10.28 23:23:27.150,2.11442,2.11531,2.00,1.10
2010.10.28 23:23:27.255,2.11505,2.11592,1.10,2.00
2010.10.28 23:23:27.364,2.11495,2.11579,1.50,1.10
2010.10.28 23:23:27.474,2.1149,2.11579,1.10,1.10
2010.10.28 23:23:27.934,2.1149,2.11579,1.10,2.00
2010.10.28 23:23:28.043,2.11481,2.11564,1.50,1.10
2010.10.28 23:23:28.155,2.11477,2.11564,1.10,2.00
2010.10.28 23:23:28.373,2.11467,2.1155,1.50,1.10
2010.10.28 23:23:28.484,2.11462,2.1155,1.10,1.10
2010.10.28 23:23:30.577,2.11462,2.1155,1.10,1.10
2010.10.28 23:23:32.970,2.11462,2.1155,1.10,1.10
2010.10.28 23:23:36.008,2.11462,2.1155,1.10,1.10
2010.10.28 23:23:36.698,2.11474,2.11559,1.10,1.50
2010.10.28 23:23:36.803,2.11474,2.11566,1.10,1.10
2010.10.28 23:23:39.746,2.11474,2.11566,1.10,1.10
2010.10.28 23:23:41.874,2.11474,2.11566,1.10,1.10
2010.10.28 23:23:43.893,2.11474,2.11566,1.10,1.10
2010.10.28 23:23:46.292,2.11474,2.11566,1.10,1.10
2010.10.28 23:23:48.700,2.11474,2.11566,1.10,1.10
2010.10.28 23:23:51.035,2.11474,2.11566,1.10,1.10
2010.10.28 23:23:53.428,2.11474,2.11566,1.10,1.10
2010.10.28 23:23:56.045,2.11474,2.11566,1.10,1.10
2010.10.28 23:23:58.339,2.11474,2.11566,1.10,1.10
2010.10.28 23:24:01.063,2.11474,2.11566,1.10,1.10
2010.10.28 23:24:03.182,2.11471,2.11564,1.10,1.10
2010.10.28 23:24:05.238,2.11471,2.11564,1.10,1.10
2010.10.28 23:24:07.303,2.11471,2.11564,1.10,1.10
2010.10.28 23:24:09.383,2.11471,2.11564,1.10,1.10
2010.10.28 23:24:11.463,2.11467,2.1156,1.10,1.10
2010.10.28 23:24:11.573,2.1146,2.11553,2.60,1.10
2010.10.28 23:24:13.594,2.1146,2.11553,1.10,1.10
2010.10.28 23:24:14.074,2.1146,2.11553,2.00,1.10
2010.10.28 23:24:14.184,2.11505,2.11592,1.30,1.30
2010.10.28 23:24:16.235,2.11505,2.11592,1.30,1.30
2010.10.28 23:24:18.340,2.11505,2.11592,1.30,2.00
2010.10.28 23:24:20.365,2.11505,2.11592,1.30,2.00
2010.10.28 23:24:21.403,2.11505,2.11592,1.10,2.00
2010.10.28 23:24:21.623,2.11491,2.11578,2.00,2.00
2010.10.28 23:24:21.844,2.11491,2.11578,1.10,2.00
2010.10.28 23:24:22.405,2.11477,2.11564,1.30,1.30
2010.10.28 23:24:24.898,2.11477,2.11564,1.30,1.30
2010.10.28 23:24:27.223,2.11477,2.11564,1.30,1.30
2010.10.28 23:24:27.966,2.11475,2.11562,2.00,1.10
2010.10.28 23:24:28.077,2.11502,2.11578,1.30,1.50
2010.10.28 23:24:28.186,2.11502,2.11591,2.00,1.10
2010.10.28 23:24:28.294,2.11544,2.11606,1.30,1.50
2010.10.28 23:24:28.514,2.11532,2.11605,1.50,1.10
2010.10.28 23:24:28.625,2.11516,2.11605,1.30,1.10
2010.10.28 23:24:29.664,2.11514,2.11596,1.70,1.10
2010.10.28 23:24:30.234,2.11519,2.11607,1.10,1.10
2010.10.28 23:24:31.266,2.11524,2.11617,1.10,1.30
2010.10.28 23:24:31.377,2.11524,2.11617,1.10,1.30
2010.10.28 23:24:32.363,2.11524,2.11616,1.30,1.70
2010.10.28 23:24:33.325,2.11519,2.11607,1.10,1.10
2010.10.28 23:24:35.775,2.11519,2.11607,1.10,1.10
2010.10.28 23:24:37.516,2.11519,2.11607,1.10,2.00
2010.10.28 23:24:38.319,2.11501,2.1158,1.50,1.30
2010.10.28 23:24:38.427,2.11486,2.11554,1.70,1.10
2010.10.28 23:24:38.535,2.11483,2.11554,1.50,1.30
2010.10.28 23:24:38.755,2.11479,2.11563,1.10,1.50
2010.10.28 23:24:39.084,2.11461,2.11561,1.70,1.10
2010.10.28 23:24:41.141,2.11471,2.11563,1.10,1.10
2010.10.28 23:24:43.151,2.11471,2.11563,1.10,1.10
2010.10.28 23:24:44.894,2.11465,2.11554,1.10,1.10
2010.10.28 23:24:45.113,2.11457,2.11551,1.10,1.10
2010.10.28 23:24:45.608,2.11447,2.11546,1.30,1.50
2010.10.28 23:24:45.714,2.11442,2.11536,1.10,1.10
2010.10.28 23:24:46.704,2.11447,2.11543,1.10,1.50
2010.10.28 23:24:47.754,2.11446,2.11543,1.10,1.50
2010.10.28 23:24:47.974,2.11466,2.11544,1.10,1.50
2010.10.28 23:24:48.194,2.11466,2.11553,1.10,1.10
2010.10.28 23:24:48.304,2.11452,2.11541,1.80,1.10
2010.10.28 23:24:48.523,2.11444,2.11537,2.60,1.10
2010.10.28 23:24:50.014,2.11444,2.11537,1.80,1.10
2010.10.28 23:24:50.454,2.11444,2.11537,2.60,1.10
2010.10.28 23:24:52.154,2.11452,2.11541,1.10,1.10
2010.10.28 23:24:54.209,2.11452,2.11541,1.10,1.10
2010.10.28 23:24:56.474,2.11452,2.11541,1.10,1.10
2010.10.28 23:24:56.804,2.11446,2.11534,1.10,1.10
2010.10.28 23:24:57.444,2.11446,2.11534,1.10,2.00
2010.10.28 23:24:57.665,2.11433,2.1152,1.10,2.00
2010.10.28 23:24:57.777,2.11427,2.11514,1.30,1.30
2010.10.28 23:24:58.214,2.11418,2.1151,1.10,1.30
2010.10.28 23:25:00.582,2.11418,2.1151,1.10,1.10
2010.10.28 23:25:01.513,2.11419,2.1151,1.70,1.10
2010.10.28 23:25:01.843,2.11432,2.11516,1.10,1.50
2010.10.28 23:25:02.499,2.11446,2.11538,1.10,1.10
2010.10.28 23:25:02.713,2.11438,2.11524,1.50,1.10
2010.10.28 23:25:02.824,2.11432,2.11524,1.10,1.10
2010.10.28 23:25:04.956,2.11432,2.11524,1.10,1.10
2010.10.28 23:25:07.174,2.11432,2.11524,1.10,1.10
2010.10.28 23:25:08.823,2.11443,2.1153,1.10,1.50
2010.10.28 23:25:08.934,2.11443,2.11541,1.10,1.10
2010.10.28 23:25:09.044,2.11459,2.11544,1.10,1.50
2010.10.28 23:25:09.154,2.11459,2.11553,1.10,1.10
2010.10.28 23:25:09.593,2.11452,2.11541,1.50,1.10
2010.10.28 23:25:09.924,2.11469,2.11556,1.10,1.80
2010.10.28 23:25:12.336,2.11469,2.11556,1.10,1.10
2010.10.28 23:25:14.434,2.11469,2.11556,1.10,1.10
2010.10.28 23:25:16.503,2.11469,2.11556,1.10,1.10
2010.10.28 23:25:18.945,2.11469,2.11556,1.10,1.10
2010.10.28 23:25:19.734,2.11459,2.11542,1.50,1.10
2010.10.28 23:25:21.015,2.11445,2.11529,1.50,1.10
2010.10.28 23:25:21.486,2.1144,2.11529,1.10,1.30
2010.10.28 23:25:21.924,2.11468,2.11557,1.10,1.10
2010.10.28 23:25:22.884,2.11459,2.11542,1.50,1.10
2010.10.28 23:25:24.366,2.11441,2.11528,1.10,1.10
2010.10.28 23:25:26.434,2.11441,2.11528,1.10,1.10
2010.10.28 23:25:26.905,2.11426,2.11515,1.10,1.10
2010.10.28 23:25:27.731,2.11455,2.11523,1.10,1.50
2010.10.28 23:25:27.843,2.11455,2.11542,1.10,2.00
2010.10.28 23:25:28.063,2.11445,2.11528,1.50,1.10
2010.10.28 23:25:30.133,2.11445,2.11528,1.50,1.10
2010.10.28 23:25:30.243,2.11453,2.11544,1.10,1.10
2010.10.28 23:25:30.945,2.11446,2.11539,1.10,1.10
2010.10.28 23:25:32.926,2.11435,2.11522,1.10,1.10
2010.10.28 23:25:35.271,2.11435,2.11522,1.10,1.10
2010.10.28 23:25:37.326,2.11435,2.11522,1.10,1.10
2010.10.28 23:25:39.361,2.11435,2.11522,1.10,1.10
2010.10.28 23:25:41.413,2.11435,2.11522,1.10,1.10
2010.10.28 23:25:43.473,2.11435,2.11522,1.10,1.10
2010.10.28 23:25:45.567,2.11435,2.11522,1.10,1.10
2010.10.28 23:25:47.610,2.11435,2.11522,1.10,1.10
2010.10.28 23:25:49.040,2.11428,2.11531,1.80,1.80
2010.10.28 23:25:49.254,2.1144,2.11532,1.10,1.10
2010.10.28 23:25:50.094,2.11441,2.11538,1.10,1.10
2010.10.28 23:25:50.425,2.11444,2.11532,1.50,1.10
2010.10.28 23:25:50.753,2.11441,2.11538,1.10,1.10
2010.10.28 23:25:51.195,2.1145,2.11538,1.50,1.10
2010.10.28 23:25:51.424,2.11444,2.11538,1.50,1.10
2010.10.28 23:25:52.003,2.1145,2.11538,1.50,1.10
2010.10.28 23:25:52.114,2.11458,2.11553,1.50,1.10
2010.10.28 23:25:52.944,2.11464,2.11553,1.50,1.10
2010.10.28 23:25:53.274,2.11458,2.11553,1.50,1.10
2010.10.28 23:25:53.384,2.11464,2.11553,1.50,1.10
2010.10.28 23:25:54.535,2.11464,2.11553,1.50,1.10
2010.10.28 23:25:54.644,2.11458,2.11553,1.50,1.10
2010.10.28 23:25:57.001,2.11458,2.11553,1.50,1.10
2010.10.28 23:25:57.564,2.11464,2.11567,1.50,1.10
2010.10.28 23:25:57.787,2.11464,2.11558,1.50,1.10
2010.10.28 23:25:57.894,2.11458,2.11558,1.50,1.10
2010.10.28 23:25:58.513,2.11458,2.11564,1.50,1.50
2010.10.28 23:25:58.623,2.11458,2.11567,1.50,1.80
2010.10.28 23:25:58.957,2.11458,2.11564,1.50,1.50
2010.10.28 23:25:59.747,2.11458,2.11558,1.50,1.10
2010.10.28 23:26:00.914,2.11464,2.11566,1.50,1.10
2010.10.28 23:26:01.023,2.11464,2.11557,1.50,1.10
2010.10.28 23:26:01.135,2.11458,2.11557,1.50,1.10
2010.10.28 23:26:01.243,2.11458,2.11564,1.50,1.50
2010.10.28 23:26:01.354,2.11464,2.11567,1.50,1.10
2010.10.28 23:26:01.821,2.11464,2.11558,1.50,1.10
2010.10.28 23:26:01.924,2.11458,2.11558,1.50,1.10
2010.10.28 23:26:02.323,2.11464,2.11558,1.50,1.10
2010.10.28 23:26:02.434,2.11464,2.11567,1.50,1.10
2010.10.28 23:26:02.543,2.11464,2.11558,1.50,1.10
2010.10.28 23:26:03.653,2.11464,2.11566,1.50,1.10
2010.10.28 23:26:04.103,2.11458,2.11564,2.60,1.50
2010.10.28 23:26:04.953,2.11464,2.11557,1.50,1.10
2010.10.28 23:26:05.174,2.11458,2.11557,1.50,1.10
2010.10.28 23:26:06.144,2.11458,2.11566,2.60,2.00
2010.10.28 23:26:06.253,2.11464,2.11558,1.50,1.10
2010.10.28 23:26:06.583,2.11458,2.11567,1.50,1.80
2010.10.28 23:26:07.369,2.11458,2.11557,1.50,1.10
2010.10.28 23:26:07.475,2.11458,2.11564,1.50,1.50
2010.10.28 23:26:07.697,2.11464,2.11558,1.50,1.10
2010.10.28 23:26:07.915,2.11458,2.11558,1.50,1.10
2010.10.28 23:26:08.134,2.11458,2.11567,1.50,1.80
2010.10.28 23:26:08.244,2.11458,2.11557,1.50,1.10
2010.10.28 23:26:10.154,2.11458,2.11558,1.50,1.10
2010.10.28 23:26:10.264,2.11458,2.11553,1.50,1.10
2010.10.28 23:26:10.374,2.1145,2.11553,1.50,1.10
2010.10.28 23:26:10.593,2.1145,2.11543,1.50,1.10
2010.10.28 23:26:10.704,2.11444,2.11543,1.50,1.10
2010.10.28 23:26:11.616,2.11444,2.11543,1.50,1.10
2010.10.28 23:26:11.725,2.1145,2.11553,1.50,1.10
2010.10.28 23:26:11.834,2.11444,2.11544,1.50,1.10
2010.10.28 23:26:11.944,2.11444,2.11544,1.50,1.10
2010.10.28 23:26:12.453,2.11444,2.1155,2.60,1.50
2010.10.28 23:26:12.674,2.1145,2.11552,1.50,1.10
2010.10.28 23:26:13.365,2.11444,2.11543,1.50,1.10
2010.10.28 23:26:14.973,2.11444,2.1155,1.50,1.50
2010.10.28 23:26:15.084,2.1145,2.11553,1.50,1.10
2010.10.28 23:26:17.184,2.1145,2.11552,1.50,1.10
2010.10.28 23:26:17.404,2.11444,2.11543,1.50,1.10
2010.10.28 23:26:19.164,2.11444,2.1155,1.50,1.50
2010.10.28 23:26:19.604,2.1145,2.11552,1.50,1.10
2010.10.28 23:26:19.714,2.1145,2.11543,1.50,1.10
2010.10.28 23:26:19.823,2.11444,2.11543,1.50,1.10
2010.10.28 23:26:20.674,2.1145,2.11553,1.50,1.10
2010.10.28 23:26:21.128,2.11444,2.11544,1.50,1.10
2010.10.28 23:26:21.235,2.11444,2.11544,1.50,1.10
2010.10.28 23:26:21.923,2.11444,2.1155,1.50,1.50
2010.10.28 23:26:22.145,2.11444,2.11553,1.50,1.80
2010.10.28 23:26:24.215,2.1145,2.11544,1.50,1.10
2010.10.28 23:26:24.553,2.11444,2.11552,2.60,1.80
2010.10.28 23:26:24.664,2.1145,2.11543,1.50,1.10
2010.10.28 23:26:25.503,2.11444,2.1155,2.60,1.50
2010.10.28 23:26:26.196,2.11444,2.11543,1.50,1.10
2010.10.28 23:26:27.023,2.11444,2.11543,1.50,1.10
2010.10.28 23:26:27.243,2.1145,2.11553,1.50,1.10
2010.10.28 23:26:27.464,2.11444,2.11544,1.50,1.10
2010.10.28 23:26:27.573,2.11444,2.1155,2.60,1.50
2010.10.28 23:26:27.684,2.1145,2.11552,1.50,1.10
2010.10.28 23:26:28.013,2.11444,2.11543,1.50,1.10
2010.10.28 23:26:28.875,2.1145,2.11553,1.50,1.10
2010.10.28 23:26:28.983,2.1145,2.11543,1.50,1.10
2010.10.28 23:26:29.424,2.1145,2.11553,1.50,1.10
2010.10.28 23:26:29.644,2.11444,2.11543,1.50,1.10
2010.10.28 23:26:30.763,2.11444,2.1155,2.60,1.50
2010.10.28 23:26:32.773,2.1145,2.11554,1.50,1.10
2010.10.28 23:26:34.833,2.1145,2.11554,1.50,1.10
2010.10.28 23:26:35.856,2.1145,2.11543,1.50,1.10
2010.10.28 23:26:36.185,2.11444,2.11543,1.50,1.10
2010.10.28 23:26:36.964,2.11444,2.1155,2.60,1.50
2010.10.28 23:26:37.184,2.1145,2.11544,1.50,1.10
2010.10.28 23:26:37.624,2.1145,2.11554,1.50,1.10
2010.10.28 23:26:37.843,2.11444,2.11544,1.50,1.10
2010.10.28 23:26:39.554,2.11444,2.11553,2.60,1.50
2010.10.28 23:26:39.884,2.11444,2.11543,1.50,1.10
2010.10.28 23:26:40.103,2.11444,2.1155,2.60,1.50
2010.10.28 23:26:40.214,2.11444,2.11544,1.50,1.10
2010.10.28 23:26:42.601,2.11444,2.11544,1.50,1.10
2010.10.28 23:26:45.181,2.11444,2.11544,1.50,1.10
2010.10.28 23:26:47.184,2.11444,2.11544,1.50,1.10
2010.10.28 23:26:47.404,2.11448,2.11554,1.50,1.50
2010.10.28 23:26:47.514,2.11448,2.11544,1.50,1.10
2010.10.28 23:26:49.044,2.11448,2.11543,1.50,1.10
2010.10.28 23:26:49.263,2.11444,2.1155,1.50,1.50
2010.10.28 23:26:49.594,2.11448,2.11543,1.50,1.10
2010.10.28 23:26:51.693,2.11444,2.11543,1.50,1.10
2010.10.28 23:26:52.644,2.11444,2.1155,2.60,1.50
2010.10.28 23:26:52.754,2.11448,2.11543,1.50,1.10
2010.10.28 23:26:53.935,2.11448,2.11554,1.50,1.50
2010.10.28 23:26:54.409,2.11444,2.11543,1.50,1.10
2010.10.28 23:26:55.523,2.11444,2.1155,2.60,1.50
2010.10.28 23:26:55.963,2.11444,2.11543,1.50,1.10
2010.10.28 23:26:57.613,2.11444,2.1155,2.60,1.50
2010.10.28 23:26:57.834,2.11448,2.11543,1.50,1.10
2010.10.28 23:27:00.141,2.11444,2.11543,1.50,1.10
2010.10.28 23:27:00.695,2.11448,2.11552,1.50,1.10
2010.10.28 23:27:00.915,2.11444,2.11544,1.50,1.10
2010.10.28 23:27:01.024,2.11444,2.1155,1.50,1.50
2010.10.28 23:27:01.243,2.11448,2.11543,1.50,1.10
2010.10.28 23:27:02.793,2.11444,2.1155,1.50,1.50
2010.10.28 23:27:03.125,2.11445,2.11544,1.50,1.10
2010.10.28 23:27:03.343,2.11444,2.11553,1.50,2.60
2010.10.28 23:27:03.563,2.11448,2.11543,1.50,1.10
2010.10.28 23:27:05.585,2.11444,2.1155,2.60,1.50
2010.10.28 23:27:05.804,2.11444,2.11553,1.50,1.80
2010.10.28 23:27:06.024,2.11448,2.11543,1.50,1.10
2010.10.28 23:27:06.944,2.11448,2.11553,1.50,1.10
2010.10.28 23:27:07.053,2.11448,2.11543,1.50,1.10
2010.10.28 23:27:07.384,2.11444,2.11553,1.50,2.60
2010.10.28 23:27:07.603,2.11444,2.11543,1.50,1.10
2010.10.28 23:27:08.844,2.11444,2.11552,2.60,1.80
2010.10.28 23:27:09.064,2.11448,2.11543,1.50,1.10
2010.10.28 23:27:09.284,2.11444,2.1155,1.50,1.50
2010.10.28 23:27:09.614,2.11448,2.11544,1.50,1.10
2010.10.28 23:27:10.173,2.11444,2.1155,2.60,1.50
2010.10.28 23:27:11.115,2.11444,2.11544,1.50,1.10
2010.10.28 23:27:11.954,2.11444,2.11529,1.50,1.10
2010.10.28 23:27:12.174,2.1143,2.11529,1.50,1.10
2010.10.28 23:27:12.283,2.1143,2.11536,1.50,1.50
2010.10.28 23:27:12.394,2.11434,2.1153,1.50,1.10
2010.10.28 23:27:12.614,2.11416,2.11516,1.50,1.10
2010.10.28 23:27:13.384,2.1142,2.11524,1.50,1.10
2010.10.28 23:27:13.945,2.1142,2.11516,1.50,1.10
2010.10.28 23:27:16.407,2.11416,2.11516,1.50,1.10
2010.10.28 23:27:18.740,2.11416,2.11516,1.50,1.10
2010.10.28 23:27:19.064,2.11416,2.11522,1.50,1.50
2010.10.28 23:27:19.504,2.11416,2.11516,1.50,1.10
2010.10.28 23:27:19.614,2.1142,2.11524,1.50,1.10
2010.10.28 23:27:20.455,2.11416,2.11518,1.10,1.50
2010.10.28 23:27:20.678,2.11398,2.11496,1.50,1.10
2010.10.28 23:27:20.784,2.11392,2.11487,1.50,1.10
2010.10.28 23:27:20.896,2.11374,2.1147,1.50,1.10
2010.10.28 23:27:21.253,2.1136,2.11466,1.50,1.50
2010.10.28 23:27:23.658,2.1136,2.11466,1.50,1.50
2010.10.28 23:27:25.054,2.1136,2.11448,1.50,1.10
2010.10.28 23:27:25.536,2.11346,2.11456,1.50,1.50
2010.10.28 23:27:26.964,2.1135,2.11456,1.50,2.60
2010.10.28 23:27:27.074,2.1135,2.11448,1.50,1.10
2010.10.28 23:27:27.404,2.1135,2.11456,1.50,2.60
2010.10.28 23:27:27.513,2.1135,2.11447,1.50,1.10
2010.10.28 23:27:30.081,2.11346,2.11447,1.50,1.10
2010.10.28 23:27:30.415,2.1135,2.11456,1.50,2.60
2010.10.28 23:27:30.524,2.1135,2.11447,1.50,1.10
2010.10.28 23:27:30.924,2.1135,2.11456,1.50,2.60
2010.10.28 23:27:32.947,2.1135,2.11456,1.50,2.60
2010.10.28 23:27:35.285,2.1135,2.11456,1.50,2.60
2010.10.28 23:27:37.386,2.1135,2.11456,1.50,2.60
2010.10.28 23:27:40.300,2.1135,2.11456,1.50,2.60
2010.10.28 23:27:42.967,2.1135,2.11456,1.50,2.60
2010.10.28 23:27:44.866,2.11336,2.1144,1.50,1.10
2010.10.28 23:27:45.524,2.11331,2.1144,1.80,1.80
2010.10.28 23:27:45.634,2.11328,2.11428,1.50,1.10
2010.10.28 23:27:45.964,2.11322,2.11428,1.50,2.60
2010.10.28 23:27:47.976,2.11322,2.11428,1.50,2.60
2010.10.28 23:27:50.303,2.11322,2.11428,1.50,2.60
2010.10.28 23:27:52.214,2.11331,2.11428,1.10,1.50
2010.10.28 23:27:52.434,2.11336,2.1144,1.50,1.10
2010.10.28 23:27:55.305,2.11337,2.1144,1.50,1.10
2010.10.28 23:27:57.986,2.11337,2.1144,1.50,1.10
2010.10.28 23:27:59.671,2.11337,2.11426,1.50,1.10
2010.10.28 23:28:01.131,2.11337,2.11426,1.50,1.10
2010.10.28 23:28:01.344,2.11332,2.11426,1.50,1.10
2010.10.28 23:28:01.675,2.11337,2.11426,1.50,1.10
2010.10.28 23:28:01.894,2.11332,2.11426,1.50,1.10
2010.10.28 23:28:03.925,2.11332,2.11426,1.50,1.10
2010.10.28 23:28:04.303,2.11337,2.1144,1.50,1.10
2010.10.28 23:28:06.862,2.11337,2.1144,1.50,1.10
2010.10.28 23:28:08.976,2.11337,2.1144,1.50,1.10
2010.10.28 23:28:11.194,2.11337,2.1144,1.50,1.10
2010.10.28 23:28:13.445,2.11337,2.1144,1.50,1.10
2010.10.28 23:28:16.365,2.11337,2.1144,1.50,1.10
2010.10.28 23:28:16.767,2.1138,2.1144,1.50,1.10
2010.10.28 23:28:17.264,2.11337,2.1144,1.50,1.10
2010.10.28 23:28:20.364,2.11337,2.1144,1.50,1.10
2010.10.28 23:28:22.865,2.11337,2.1144,1.50,1.10
2010.10.28 23:28:25.377,2.11337,2.1144,1.50,1.10
2010.10.28 23:28:28.261,2.11337,2.1144,1.50,1.10
2010.10.28 23:28:30.383,2.11337,2.1144,1.50,1.10
2010.10.28 23:28:32.432,2.11337,2.1144,1.50,1.10
2010.10.28 23:28:34.590,2.11337,2.1144,1.50,1.10
2010.10.28 23:28:36.793,2.11337,2.1144,1.50,1.10
2010.10.28 23:28:39.272,2.11337,2.1144,1.50,1.10
2010.10.28 23:28:41.404,2.11337,2.1144,1.50,1.10
2010.10.28 23:28:43.601,2.11337,2.1144,1.50,1.10
2010.10.28 23:28:45.709,2.11337,2.1144,1.50,1.10
2010.10.28 23:28:47.723,2.11337,2.1144,1.50,1.10
2010.10.28 23:28:49.775,2.11337,2.1144,1.50,1.10
2010.10.28 23:28:51.823,2.11337,2.1144,1.50,1.10
2010.10.28 23:28:54.303,2.11337,2.1144,1.50,1.10
2010.10.28 23:28:56.357,2.11337,2.1144,1.50,1.10
2010.10.28 23:28:58.497,2.11337,2.1144,1.50,1.10
2010.10.28 23:28:59.644,2.11337,2.11427,1.50,1.10
2010.10.28 23:29:01.753,2.11337,2.11427,1.50,1.10
2010.10.28 23:29:04.328,2.11337,2.11427,1.50,1.10
2010.10.28 23:29:05.922,2.11337,2.1144,1.50,1.10
2010.10.28 23:29:06.034,2.11345,2.1144,1.50,1.10
2010.10.28 23:29:06.254,2.11337,2.1144,1.50,1.10
2010.10.28 23:29:08.491,2.11337,2.1144,1.50,1.10
2010.10.28 23:29:10.585,2.11337,2.1144,1.50,1.10
2010.10.28 23:29:12.663,2.11337,2.1144,1.50,1.10
2010.10.28 23:29:15.627,2.11337,2.1144,1.50,1.10
2010.10.28 23:29:17.704,2.11337,2.1144,1.50,1.10
2010.10.28 23:29:18.636,2.11337,2.11426,1.50,1.10
2010.10.28 23:29:21.342,2.11337,2.11426,1.50,1.10
2010.10.28 23:29:23.384,2.11337,2.11426,1.50,1.10
2010.10.28 23:29:25.474,2.11337,2.11426,1.50,1.10
2010.10.28 23:29:27.533,2.11337,2.11426,1.50,1.10
2010.10.28 23:29:28.623,2.11337,2.1144,1.50,1.10
2010.10.28 23:29:30.632,2.11337,2.1144,1.50,1.10
2010.10.28 23:29:32.827,2.11337,2.1144,1.50,1.10
2010.10.28 23:29:34.913,2.11337,2.1144,1.50,1.10
2010.10.28 23:29:38.162,2.11337,2.1144,1.50,1.10
2010.10.28 23:29:40.164,2.11337,2.1144,1.50,1.10
2010.10.28 23:29:42.264,2.11337,2.1144,1.50,1.10
2010.10.28 23:29:44.354,2.11337,2.1144,1.50,1.10
2010.10.28 23:29:46.454,2.11337,2.1144,1.50,1.10
2010.10.28 23:29:49.432,2.11337,2.1144,1.50,1.10
2010.10.28 23:29:51.631,2.11337,2.1144,1.50,1.10
2010.10.28 23:29:53.723,2.11337,2.1144,1.50,1.10
2010.10.28 23:29:55.764,2.11337,2.1144,1.50,1.10
2010.10.28 23:29:57.194,2.11337,2.11432,1.50,1.10
2010.10.28 23:29:57.414,2.11332,2.11432,1.50,1.10
2010.10.28 23:29:59.800,2.11332,2.11432,1.50,1.10
2010.10.28 23:30:00.764,2.11337,2.1144,1.50,1.10
2010.10.28 23:30:02.813,2.11337,2.1144,1.50,1.10
2010.10.28 23:30:04.853,2.11337,2.1144,1.50,1.10
2010.10.28 23:30:06.954,2.11337,2.1144,1.50,1.10
2010.10.28 23:30:09.004,2.11337,2.1144,1.50,1.10
2010.10.28 23:30:10.465,2.11337,2.11426,1.50,1.10
2010.10.28 23:30:12.493,2.11337,2.11426,1.50,1.10
2010.10.28 23:30:14.085,2.11337,2.11441,1.50,1.10
2010.10.28 23:30:15.455,2.11336,2.11426,1.50,1.10
2010.10.28 23:30:16.114,2.11302,2.114,1.10,1.50
2010.10.28 23:30:17.864,2.1133,2.114,1.10,1.50
2010.10.28 23:30:18.195,2.11319,2.11398,1.50,1.10
2010.10.28 23:30:18.304,2.11294,2.11398,1.50,1.10
2010.10.28 23:30:18.414,2.11303,2.114,1.10,1.50
2010.10.28 23:30:19.616,2.11305,2.114,1.70,1.50
2010.10.28 23:30:19.945,2.11331,2.11425,1.30,1.50
2010.10.28 23:30:20.054,2.1132,2.11412,1.70,1.10
2010.10.28 23:30:20.164,2.11303,2.11412,1.80,1.80
2010.10.28 23:30:20.385,2.11303,2.11412,2.00,1.80
2010.10.28 23:30:20.607,2.11315,2.114,1.10,1.50
2010.10.28 23:30:20.714,2.11322,2.11428,1.50,1.50
2010.10.28 23:30:20.934,2.11322,2.11415,1.50,1.10
2010.10.28 23:30:21.445,2.11322,2.11428,1.50,1.50
2010.10.28 23:30:23.668,2.11322,2.11428,1.50,1.50
2010.10.28 23:30:24.546,2.11304,2.11417,1.80,1.80
2010.10.28 23:30:24.656,2.11294,2.114,1.50,1.50
2010.10.28 23:30:26.755,2.11308,2.11414,1.50,1.50
2010.10.28 23:30:28.864,2.11311,2.11417,1.50,1.50
2010.10.28 23:30:31.048,2.11311,2.11417,1.50,1.50
2010.10.28 23:30:31.266,2.11283,2.11385,1.50,1.10
2010.10.28 23:30:32.235,2.11288,2.11386,1.10,1.50
2010.10.28 23:30:32.456,2.11294,2.114,1.50,2.60
2010.10.28 23:30:32.565,2.11295,2.114,1.50,1.80
2010.10.28 23:30:33.086,2.11311,2.11417,1.50,1.50
2010.10.28 23:30:33.196,2.11311,2.114,1.50,1.10
2010.10.28 23:30:33.524,2.11297,2.114,1.50,1.10
2010.10.28 23:30:35.604,2.11295,2.11401,1.50,1.50
2010.10.28 23:30:37.643,2.11295,2.11401,1.50,1.50
2010.10.28 23:30:39.880,2.11295,2.11401,1.50,1.50
2010.10.28 23:30:42.042,2.11295,2.11401,1.50,1.50
2010.10.28 23:30:44.144,2.11295,2.11401,1.50,1.50
2010.10.28 23:30:46.234,2.11295,2.11401,1.50,1.50
2010.10.28 23:30:48.306,2.11295,2.11401,1.50,1.50
2010.10.28 23:30:50.674,2.11295,2.11401,1.50,1.50
2010.10.28 23:30:52.728,2.11295,2.11401,1.50,1.50
2010.10.28 23:30:54.834,2.11295,2.11401,1.50,1.50
2010.10.28 23:30:57.009,2.11295,2.11401,1.50,1.50
2010.10.28 23:30:59.114,2.11295,2.11401,1.50,1.50
2010.10.28 23:31:01.289,2.11295,2.11401,1.50,1.50
2010.10.28 23:31:01.894,2.11309,2.11415,1.50,1.50
2010.10.28 23:31:04.025,2.11309,2.11415,1.50,2.60
2010.10.28 23:31:06.084,2.11309,2.11415,1.50,2.60
2010.10.28 23:31:08.183,2.11309,2.11414,1.50,1.80
2010.10.28 23:31:10.313,2.11309,2.11414,1.50,1.80
2010.10.28 23:31:12.314,2.11309,2.11415,1.50,1.50
2010.10.28 23:31:14.583,2.11309,2.11415,1.50,2.60
2010.10.28 23:31:16.600,2.11309,2.11414,1.50,1.80
2010.10.28 23:31:17.056,2.11316,2.11415,1.10,1.50
2010.10.28 23:31:17.277,2.11323,2.11429,1.50,1.50
2010.10.28 23:31:17.495,2.11337,2.11443,1.50,1.50
2010.10.28 23:31:19.603,2.11337,2.11443,1.50,1.50
2010.10.28 23:31:20.214,2.11337,2.11431,1.50,1.10
2010.10.28 23:31:20.434,2.11323,2.11429,1.50,1.50
2010.10.28 23:31:22.494,2.11323,2.11429,1.50,1.50
2010.10.28 23:31:24.346,2.11318,2.11429,1.80,1.50
2010.10.28 23:31:24.460,2.11309,2.11414,1.50,1.10
2010.10.28 23:31:25.695,2.11309,2.11403,1.50,1.10
2010.10.28 23:31:25.914,2.11301,2.11403,1.50,1.10
2010.10.28 23:31:26.245,2.11295,2.11401,1.50,1.50
2010.10.28 23:31:27.461,2.11309,2.11412,1.50,1.10
2010.10.28 23:31:29.496,2.11309,2.11399,1.50,1.10
2010.10.28 23:31:31.950,2.11309,2.11399,1.50,1.10
2010.10.28 23:31:33.034,2.11309,2.11412,1.50,1.10
2010.10.28 23:31:35.095,2.11309,2.11412,1.50,1.10
2010.10.28 23:31:37.122,2.11309,2.11412,1.50,1.10
2010.10.28 23:31:39.136,2.11309,2.11412,1.50,1.10
2010.10.28 23:31:39.975,2.11315,2.11429,1.80,2.60
2010.10.28 23:31:40.304,2.11337,2.11443,1.50,1.50
2010.10.28 23:31:40.526,2.11344,2.11446,1.10,1.50
2010.10.28 23:31:41.026,2.11351,2.11456,1.50,1.10
2010.10.28 23:31:42.204,2.11351,2.11441,1.50,1.10
2010.10.28 23:31:42.534,2.11351,2.11451,1.50,1.10
2010.10.28 23:31:42.644,2.11338,2.11451,1.50,1.80
2010.10.28 23:31:42.754,2.11346,2.11451,1.50,1.80
2010.10.28 23:31:43.515,2.1134,2.11446,1.50,1.50
2010.10.28 23:31:45.604,2.1134,2.11446,1.50,1.50
2010.10.28 23:31:47.607,2.1134,2.11446,1.50,1.50
2010.10.28 23:31:49.015,2.1134,2.11438,1.50,1.10
2010.10.28 23:31:49.454,2.11326,2.11414,1.50,1.10
2010.10.28 23:31:51.567,2.11323,2.11414,1.50,1.10
2010.10.28 23:31:51.784,2.11323,2.11398,1.50,1.10
2010.10.28 23:31:51.895,2.11309,2.11398,1.50,1.10
2010.10.28 23:31:54.584,2.11309,2.11398,1.50,1.10
2010.10.28 23:31:54.914,2.11295,2.11384,1.50,1.10
2010.10.28 23:31:55.024,2.11295,2.11384,1.50,1.10
2010.10.28 23:31:55.244,2.11312,2.11401,1.10,1.50
2010.10.28 23:31:55.465,2.11321,2.11427,1.50,1.50
2010.10.28 23:31:55.574,2.11322,2.11438,1.70,1.80
2010.10.28 23:31:56.014,2.11324,2.11415,1.50,1.10
2010.10.28 23:31:58.104,2.11323,2.11415,1.50,1.10
2010.10.28 23:32:00.205,2.11323,2.11415,1.50,1.10
2010.10.28 23:32:02.045,2.11343,2.11429,1.10,1.50
2010.10.28 23:32:02.155,2.11351,2.1144,1.50,1.10
2010.10.28 23:32:02.592,2.11352,2.1144,1.50,1.10
2010.10.28 23:32:02.705,2.11365,2.11455,1.50,1.10
2010.10.28 23:32:05.163,2.11365,2.11455,1.50,1.10
2010.10.28 23:32:05.604,2.11365,2.11441,1.50,1.10
2010.10.28 23:32:05.714,2.11351,2.11441,1.50,1.10
2010.10.28 23:32:07.804,2.11351,2.11441,1.50,1.10
2010.10.28 23:32:09.903,2.11351,2.11441,1.50,1.10
2010.10.28 23:32:12.032,2.11351,2.11441,1.50,1.10
2010.10.28 23:32:14.264,2.11351,2.11441,1.50,1.10
2010.10.28 23:32:16.379,2.11351,2.11441,1.50,1.10
2010.10.28 23:32:18.384,2.11346,2.11441,1.50,1.10
2010.10.28 23:32:20.464,2.11346,2.11441,1.50,1.10
2010.10.28 23:32:22.564,2.11356,2.11455,1.80,1.80
2010.10.28 23:32:23.286,2.11365,2.11455,1.50,1.10
2010.10.28 23:32:23.394,2.1136,2.11455,1.50,1.10
2010.10.28 23:32:25.504,2.1136,2.11455,1.50,1.10
2010.10.28 23:32:27.364,2.1136,2.11455,1.50,1.10
2010.10.28 23:32:29.735,2.1136,2.11455,1.50,1.10
2010.10.28 23:32:31.804,2.1136,2.11455,1.50,1.10
2010.10.28 23:32:33.874,2.11365,2.11455,1.50,1.10
2010.10.28 23:32:34.204,2.1136,2.11455,1.50,1.10
2010.10.28 23:32:36.284,2.1136,2.11455,1.50,1.10
2010.10.28 23:32:36.505,2.11365,2.11455,1.50,1.10
2010.10.28 23:32:38.583,2.1136,2.11455,1.50,1.10
2010.10.28 23:32:40.495,2.1136,2.11455,1.50,1.10
2010.10.28 23:32:40.714,2.1136,2.11455,1.50,1.10
2010.10.28 23:32:42.841,2.1136,2.11455,1.50,1.10
2010.10.28 23:32:44.864,2.1136,2.11455,1.50,1.10
2010.10.28 23:32:45.854,2.1136,2.11455,1.50,1.10
2010.10.28 23:32:47.897,2.11363,2.1146,1.10,1.10
2010.10.28 23:32:49.916,2.11363,2.1146,1.10,1.10
2010.10.28 23:32:52.083,2.11363,2.1146,1.10,1.10
2010.10.28 23:32:53.863,2.11365,2.11471,1.50,1.50
2010.10.28 23:32:53.974,2.11365,2.11461,1.50,1.10
2010.10.28 23:32:56.014,2.11365,2.1146,1.50,1.10
2010.10.28 23:32:56.745,2.11365,2.11471,1.50,1.50
2010.10.28 23:32:57.334,2.11365,2.11461,1.50,1.10
2010.10.28 23:32:58.645,2.11361,2.11464,1.10,1.10
2010.10.28 23:33:00.665,2.11364,2.11471,1.80,1.50
2010.10.28 23:33:02.993,2.11365,2.11471,1.50,1.50
2010.10.28 23:33:05.105,2.11365,2.11471,1.50,1.50
2010.10.28 23:33:07.141,2.11365,2.11471,1.50,1.50
2010.10.28 23:33:09.497,2.11365,2.11471,1.50,1.50
2010.10.28 23:33:10.935,2.11376,2.11471,1.10,1.50
2010.10.28 23:33:11.154,2.11379,2.11485,1.50,1.50
2010.10.28 23:33:13.505,2.11379,2.11485,1.50,1.50
2010.10.28 23:33:15.963,2.11379,2.11485,1.50,1.50
2010.10.28 23:33:18.559,2.11379,2.11485,1.50,1.50
2010.10.28 23:33:20.225,2.11379,2.11485,1.50,1.50
2010.10.28 23:33:22.305,2.11379,2.11485,1.50,1.50
2010.10.28 23:33:24.404,2.11379,2.11485,1.50,1.50
2010.10.28 23:33:27.079,2.11379,2.11485,1.50,1.50
2010.10.28 23:33:29.228,2.11379,2.11485,1.50,1.50
2010.10.28 23:33:31.615,2.11379,2.11485,1.50,1.50
2010.10.28 23:33:32.222,2.11403,2.11499,1.10,1.50
2010.10.28 23:33:32.445,2.11408,2.11514,2.60,1.50
2010.10.28 23:33:32.555,2.11408,2.11528,2.60,1.50
2010.10.28 23:33:32.665,2.11422,2.11528,1.50,1.50
2010.10.28 23:33:34.725,2.11424,2.1153,1.50,1.50
2010.10.28 23:33:36.926,2.11424,2.1153,1.50,1.50
2010.10.28 23:33:39.560,2.11424,2.1153,1.50,1.50
2010.10.28 23:33:42.041,2.11424,2.1153,1.50,1.50
2010.10.28 23:33:42.147,2.1141,2.11517,1.50,1.80
2010.10.28 23:33:42.255,2.1141,2.11516,1.50,1.50
2010.10.28 23:33:44.821,2.1141,2.11516,1.50,1.50
2010.10.28 23:33:45.305,2.11396,2.11501,1.50,1.80
2010.10.28 23:33:47.574,2.11393,2.11499,1.50,1.50
2010.10.28 23:33:48.056,2.11408,2.11514,2.60,1.50
2010.10.28 23:33:50.472,2.11424,2.1153,1.50,1.50
2010.10.28 23:33:52.581,2.11424,2.1153,1.50,1.50
2010.10.28 23:33:54.644,2.11411,2.11516,1.50,1.80
2010.10.28 23:33:54.755,2.1141,2.11516,1.50,2.60
2010.10.28 23:33:57.117,2.1141,2.11516,1.50,2.60
2010.10.28 23:33:59.600,2.1141,2.11516,1.50,2.60
2010.10.28 23:34:04.146,2.1141,2.11516,1.50,2.60
2010.10.28 23:34:04.365,2.11396,2.11501,1.50,1.10
2010.10.28 23:34:04.474,2.11396,2.11501,1.50,1.10
2010.10.28 23:34:06.638,2.11393,2.11499,1.50,1.50
2010.10.28 23:34:08.880,2.11393,2.11499,1.50,1.50
2010.10.28 23:34:11.308,2.11393,2.11499,1.50,1.50
2010.10.28 23:34:13.420,2.11393,2.11499,1.50,1.50
2010.10.28 23:34:13.524,2.11393,2.11501,1.50,1.80
2010.10.28 23:34:14.210,2.11414,2.11504,1.10,1.10
2010.10.28 23:34:17.047,2.11432,2.11504,1.80,1.10
2010.10.28 23:34:21.166,2.11449,2.11504,1.50,1.10
2010.10.28 23:34:21.274,2.11449,2.11521,1.50,1.10
2010.10.28 23:34:21.494,2.11463,2.11521,1.50,1.10
2010.10.28 23:34:22.656,2.11425,2.11521,1.10,1.10
2010.10.28 23:34:24.966,2.11425,2.11521,1.10,1.10
2010.10.28 23:34:27.126,2.11425,2.11521,1.10,1.10
2010.10.28 23:34:27.602,2.11425,2.11521,1.30,1.10
2010.10.28 23:34:28.317,2.11482,2.11545,1.10,1.80
2010.10.28 23:34:28.427,2.11469,2.11561,1.10,1.10
2010.10.28 23:34:29.554,2.11469,2.11561,2.00,1.10
2010.10.28 23:34:29.995,2.11491,2.11597,1.50,1.50
2010.10.28 23:34:30.105,2.11483,2.11576,1.10,1.10
2010.10.28 23:34:30.753,2.11477,2.11547,1.50,1.10
2010.10.28 23:34:30.974,2.11455,2.11547,1.10,1.10
2010.10.28 23:34:32.014,2.11482,2.11555,1.10,1.50
2010.10.28 23:34:32.564,2.11482,2.11577,1.10,1.10
2010.10.28 23:34:34.674,2.11482,2.11577,1.10,1.10
2010.10.28 23:34:37.568,2.11482,2.11577,1.10,1.10
2010.10.28 23:34:39.446,2.11482,2.11577,1.10,1.10
2010.10.28 23:34:40.485,2.11469,2.11561,1.80,1.10
2010.10.28 23:34:40.814,2.11469,2.11561,1.10,1.10
2010.10.28 23:34:43.038,2.11469,2.11561,1.10,1.10
2010.10.28 23:34:46.134,2.11469,2.11561,1.10,1.10
2010.10.28 23:34:48.554,2.11469,2.11561,1.10,1.10
2010.10.28 23:34:50.707,2.11469,2.11561,1.10,1.10
2010.10.28 23:34:52.705,2.11469,2.11561,1.10,1.30
2010.10.28 23:34:55.029,2.11469,2.11561,1.10,1.30
2010.10.28 23:34:57.264,2.11469,2.11561,1.10,1.30
2010.10.28 23:34:59.741,2.11469,2.11561,1.10,1.30
2010.10.28 23:35:02.290,2.11469,2.11561,1.10,1.30
2010.10.28 23:35:04.720,2.11469,2.11561,1.10,1.30
2010.10.28 23:35:07.296,2.11469,2.11561,1.10,1.30
2010.10.28 23:35:09.751,2.11469,2.11561,1.10,1.30
2010.10.28 23:35:12.311,2.11469,2.11561,1.10,1.10
2010.10.28 23:35:14.319,2.11469,2.11561,1.10,1.10
2010.10.28 23:35:14.777,2.11463,2.11551,1.50,1.10
2010.10.28 23:35:14.886,2.1147,2.1156,1.10,1.10
2010.10.28 23:35:17.157,2.1147,2.1156,1.10,1.10
2010.10.28 23:35:19.733,2.1147,2.1156,1.10,1.10
2010.10.28 23:35:20.285,2.11463,2.11551,1.50,1.10
2010.10.28 23:35:22.312,2.11463,2.11551,1.50,1.10
2010.10.28 23:35:22.606,2.11469,2.11561,1.10,1.10
2010.10.28 23:35:24.881,2.11469,2.11561,1.10,1.10
2010.10.28 23:35:27.329,2.11469,2.11561,1.10,1.10
2010.10.28 23:35:28.435,2.11469,2.11561,1.10,1.30
2010.10.28 23:35:28.765,2.11456,2.11546,1.10,1.30
2010.10.28 23:35:31.221,2.11456,2.11546,1.10,1.10
2010.10.28 23:35:31.545,2.11449,2.11537,1.50,1.10
2010.10.28 23:35:33.591,2.11449,2.11537,1.50,1.10
2010.10.28 23:35:35.778,2.11449,2.11537,1.50,1.10
2010.10.28 23:35:37.765,2.11442,2.11532,2.60,1.10
2010.10.28 23:35:39.791,2.11442,2.11532,2.80,1.10
2010.10.28 23:35:41.095,2.11444,2.11545,1.10,1.10
2010.10.28 23:35:43.792,2.11444,2.11545,1.10,1.10
2010.10.28 23:35:45.795,2.11444,2.11545,1.30,1.10
2010.10.28 23:35:46.365,2.11456,2.11546,1.10,1.10
2010.10.28 23:35:48.796,2.11456,2.11546,1.10,1.30
2010.10.28 23:35:51.179,2.11456,2.11546,1.10,1.30
2010.10.28 23:35:53.452,2.11456,2.11546,1.10,1.30
2010.10.28 23:35:55.533,2.11456,2.11546,1.10,1.30
2010.10.28 23:35:57.746,2.11456,2.11546,1.10,1.30
2010.10.28 23:35:59.833,2.11456,2.11546,1.10,1.30
2010.10.28 23:36:02.007,2.11456,2.11546,1.10,1.30
2010.10.28 23:36:04.095,2.11456,2.11546,1.10,1.30
2010.10.28 23:36:06.303,2.11456,2.11546,1.10,1.30
2010.10.28 23:36:09.190,2.11456,2.11546,1.10,1.30
2010.10.28 23:36:11.306,2.11456,2.11546,1.10,1.30
2010.10.28 23:36:13.844,2.11456,2.11546,1.10,1.30
2010.10.28 23:36:16.328,2.11456,2.11546,1.10,1.30
2010.10.28 23:36:19.031,2.11456,2.11546,1.10,1.30
2010.10.28 23:36:21.320,2.11456,2.11546,1.10,1.30
2010.10.28 23:36:23.862,2.11456,2.11546,1.10,1.30
2010.10.28 23:36:26.330,2.11456,2.11546,1.10,1.30
2010.10.28 23:36:28.402,2.11456,2.11546,1.10,2.00
2010.10.28 23:36:29.056,2.11456,2.11546,1.10,1.30
2010.10.28 23:36:30.215,2.11449,2.11533,1.50,1.10
2010.10.28 23:36:30.435,2.11441,2.11533,1.10,1.30
2010.10.28 23:36:30.654,2.11441,2.11533,1.10,2.00
2010.10.28 23:36:30.875,2.11428,2.11518,1.10,1.30
2010.10.28 23:36:30.985,2.11421,2.11504,1.50,1.30
2010.10.28 23:36:31.597,2.11398,2.11493,1.50,1.30
2010.10.28 23:36:33.354,2.11397,2.11493,1.10,1.10
2010.10.28 23:36:35.396,2.11395,2.11486,1.10,1.10
2010.10.28 23:36:35.614,2.11386,2.11481,1.10,1.10
2010.10.28 23:36:37.732,2.11408,2.11499,1.10,1.30
2010.10.28 23:36:37.957,2.11386,2.11481,1.10,1.10
2010.10.28 23:36:38.174,2.11394,2.11487,1.10,1.10
2010.10.28 23:36:38.915,2.11386,2.11481,1.10,1.10
2010.10.28 23:36:39.465,2.11408,2.11487,1.10,1.70
2010.10.28 23:36:39.938,2.11395,2.11486,1.10,1.30
2010.10.28 23:36:40.155,2.11386,2.11481,1.10,1.10
2010.10.28 23:36:40.265,2.11394,2.11487,1.10,1.30
2010.10.28 23:36:42.517,2.11394,2.11487,1.10,1.10
2010.10.28 23:36:44.922,2.11394,2.11487,1.10,1.10
2010.10.28 23:36:46.960,2.11394,2.11487,1.10,1.10
2010.10.28 23:36:49.029,2.11394,2.11487,1.10,1.10
2010.10.28 23:36:49.354,2.11401,2.11486,1.50,1.10
2010.10.28 23:36:49.574,2.11395,2.11486,1.10,1.10
2010.10.28 23:36:50.385,2.1141,2.11499,1.10,1.10
2010.10.28 23:36:52.375,2.1141,2.11499,1.80,1.10
2010.10.28 23:36:52.704,2.1141,2.11499,1.10,1.10
2010.10.28 23:36:54.754,2.1141,2.11499,1.10,1.10
2010.10.28 23:36:54.865,2.11425,2.11512,1.10,1.30
2010.10.28 23:36:54.976,2.11425,2.11512,1.10,1.10
2010.10.28 23:36:55.085,2.11431,2.1152,1.10,1.30
2010.10.28 23:36:55.784,2.11431,2.1152,1.10,1.30
2010.10.28 23:36:56.546,2.11431,2.1152,1.10,2.00
2010.10.28 23:36:58.925,2.11431,2.1152,1.10,2.00
2010.10.28 23:37:01.407,2.11431,2.1152,1.10,2.00
2010.10.28 23:37:02.695,2.11431,2.1152,1.10,2.00
2010.10.28 23:37:02.806,2.11422,2.11506,1.50,2.00
2010.10.28 23:37:02.914,2.11417,2.11506,1.10,2.00
2010.10.28 23:37:03.774,2.11411,2.11498,1.10,1.30
2010.10.28 23:37:06.298,2.11411,2.11498,1.10,1.30
2010.10.28 23:37:08.940,2.11411,2.11498,1.10,1.30
2010.10.28 23:37:11.424,2.11411,2.11498,1.10,1.30
2010.10.28 23:37:13.955,2.11411,2.11498,1.10,1.30
2010.10.28 23:37:16.433,2.11411,2.11498,1.10,1.30
2010.10.28 23:37:18.959,2.11411,2.11498,1.10,1.30
2010.10.28 23:37:19.934,2.11402,2.11493,1.10,1.10
2010.10.28 23:37:22.521,2.11402,2.11493,1.10,1.10
2010.10.28 23:37:25.243,2.11402,2.11493,1.10,1.10
2010.10.28 23:37:25.945,2.1141,2.11499,1.10,1.10
2010.10.28 23:37:28.041,2.1141,2.11499,1.10,1.30
2010.10.28 23:37:30.330,2.1141,2.11499,1.10,1.30
2010.10.28 23:37:32.436,2.1141,2.11499,1.10,1.30
2010.10.28 23:37:35.026,2.1141,2.11499,1.10,1.30
2010.10.28 23:37:37.550,2.1141,2.11499,1.10,1.30
2010.10.28 23:37:40.034,2.1141,2.11499,1.10,1.30
2010.10.28 23:37:42.556,2.1141,2.11499,1.10,1.30
2010.10.28 23:37:45.041,2.11407,2.11494,1.10,1.10
2010.10.28 23:37:47.568,2.11407,2.11494,1.10,1.10
2010.10.28 23:37:50.051,2.11407,2.11494,1.10,1.10
2010.10.28 23:37:52.294,2.11414,2.11501,1.10,1.10
2010.10.28 23:37:55.060,2.11414,2.11501,1.10,1.10
2010.10.28 23:37:57.090,2.11414,2.11501,1.10,1.10
2010.10.28 23:37:57.776,2.11401,2.11488,1.10,1.10
2010.10.28 23:38:00.370,2.11401,2.11488,1.10,1.10
2010.10.28 23:38:02.593,2.11401,2.11488,1.10,1.10
2010.10.28 23:38:05.086,2.11401,2.11488,1.10,1.10
2010.10.28 23:38:07.559,2.11401,2.11488,1.10,1.10
2010.10.28 23:38:10.065,2.114,2.11489,2.60,1.10
2010.10.28 23:38:12.554,2.114,2.11489,2.60,1.10
2010.10.28 23:38:15.214,2.114,2.11489,2.60,1.10
2010.10.28 23:38:17.619,2.114,2.11489,2.60,1.10
2010.10.28 23:38:19.694,2.114,2.11489,2.60,1.10
2010.10.28 23:38:22.629,2.114,2.11489,2.60,1.10
2010.10.28 23:38:24.841,2.114,2.11489,2.60,1.10
2010.10.28 23:38:26.846,2.114,2.11489,2.60,1.10
2010.10.28 23:38:28.883,2.114,2.11489,2.60,1.10
2010.10.28 23:38:31.584,2.114,2.11489,2.60,1.10
2010.10.28 23:38:34.079,2.114,2.11489,2.60,1.10
2010.10.28 23:38:36.373,2.114,2.11489,2.60,1.10
2010.10.28 23:38:38.444,2.114,2.11489,2.60,1.10
2010.10.28 23:38:40.555,2.11407,2.11489,1.50,1.10
2010.10.28 23:38:40.665,2.11407,2.11495,1.50,1.10
2010.10.28 23:38:42.810,2.11407,2.11495,1.50,1.10
2010.10.28 23:38:44.970,2.11407,2.11495,1.50,1.10
2010.10.28 23:38:46.446,2.11413,2.11505,1.10,1.10
2010.10.28 23:38:49.305,2.11413,2.11505,1.10,1.10
2010.10.28 23:38:51.631,2.11413,2.11505,1.10,1.10
2010.10.28 23:38:53.685,2.11413,2.11505,1.10,1.10
2010.10.28 23:38:56.390,2.11413,2.11505,1.10,1.10
2010.10.28 23:38:59.327,2.11413,2.11505,1.10,1.10
2010.10.28 23:39:02.019,2.11413,2.11505,1.10,1.10
2010.10.28 23:39:04.128,2.11413,2.11505,1.10,1.10
2010.10.28 23:39:06.428,2.11413,2.11505,1.10,1.10
2010.10.28 23:39:08.458,2.11413,2.11505,1.10,1.10
2010.10.28 23:39:10.529,2.11413,2.11505,1.10,1.10
2010.10.28 23:39:12.722,2.11413,2.11505,1.10,1.10
2010.10.28 23:39:15.313,2.11413,2.11505,1.10,1.10
2010.10.28 23:39:17.735,2.11413,2.11505,1.10,1.10
2010.10.28 23:39:18.634,2.11414,2.11504,1.10,1.10
2010.10.28 23:39:21.689,2.11414,2.11504,1.10,1.10
2010.10.28 23:39:23.485,2.11411,2.11498,1.10,1.10
2010.10.28 23:39:23.816,2.11402,2.11493,1.10,1.10
2010.10.28 23:39:24.935,2.11424,2.11501,1.10,1.50
2010.10.28 23:39:25.156,2.11424,2.11511,1.10,1.10
2010.10.28 23:39:25.265,2.11415,2.11486,1.50,1.10
2010.10.28 23:39:25.375,2.11403,2.11492,1.10,1.10
2010.10.28 23:39:27.581,2.11402,2.11493,1.10,1.10
2010.10.28 23:39:28.058,2.11423,2.1151,1.10,1.10
2010.10.28 23:39:29.134,2.11413,2.11502,1.50,1.10
2010.10.28 23:39:31.138,2.11414,2.11504,1.10,1.10
2010.10.28 23:39:33.290,2.11414,2.11504,1.10,1.10
2010.10.28 23:39:33.616,2.11423,2.1151,1.10,1.10
2010.10.28 23:39:35.684,2.11423,2.1151,1.10,1.10
2010.10.28 23:39:37.773,2.11423,2.1151,1.10,1.10
2010.10.28 23:39:39.929,2.11423,2.1151,1.10,1.10
2010.10.28 23:39:42.075,2.11424,2.11511,1.10,1.10
2010.10.28 23:39:44.370,2.11424,2.11511,1.10,1.10
2010.10.28 23:39:46.615,2.11424,2.11511,1.10,1.10
2010.10.28 23:39:48.609,2.11424,2.11511,1.10,1.10
2010.10.28 23:39:50.613,2.11424,2.11511,1.10,1.10
2010.10.28 23:39:53.167,2.11424,2.11511,1.10,1.10
2010.10.28 23:39:54.913,2.11424,2.11511,1.10,1.10
2010.10.28 23:39:56.965,2.11424,2.11511,1.10,1.10
2010.10.28 23:39:59.222,2.11424,2.11511,1.10,1.10
2010.10.28 23:40:01.367,2.11424,2.11511,1.10,1.10
2010.10.28 23:40:03.692,2.11424,2.11511,1.10,1.10
2010.10.28 23:40:06.547,2.11424,2.11511,1.10,1.10
2010.10.28 23:40:07.965,2.1143,2.11519,1.10,1.10
2010.10.28 23:40:08.575,2.11424,2.11511,1.10,1.10
2010.10.28 23:40:10.657,2.11424,2.11511,1.10,1.10
2010.10.28 23:40:12.830,2.11424,2.11511,1.10,1.10
2010.10.28 23:40:17.848,2.11424,2.11511,1.10,1.10
2010.10.28 23:40:20.178,2.11424,2.11511,1.10,1.10
2010.10.28 23:40:22.857,2.11424,2.11511,1.10,1.10
2010.10.28 23:40:25.671,2.11424,2.11511,1.10,1.10
2010.10.28 23:40:28.207,2.11424,2.11511,1.10,1.10
2010.10.28 23:40:30.370,2.11424,2.11511,1.10,1.10
2010.10.28 23:40:31.385,2.11415,2.11507,1.10,1.10
2010.10.28 23:40:33.465,2.11415,2.11506,1.10,1.10
2010.10.28 23:40:33.879,2.11411,2.11498,1.10,1.10
2010.10.28 23:40:34.215,2.11402,2.11493,1.10,1.10
2010.10.28 23:40:35.237,2.11423,2.11501,1.10,1.50
2010.10.28 23:40:35.456,2.1141,2.11499,1.10,1.10
2010.10.28 23:40:37.886,2.1141,2.11499,1.10,1.10
2010.10.28 23:40:40.749,2.1141,2.11499,1.10,1.10
2010.10.28 23:40:42.607,2.1141,2.11499,1.10,1.10
2010.10.28 23:40:43.297,2.11423,2.11512,1.10,1.10
2010.10.28 23:40:44.225,2.11431,2.11518,1.10,1.30
2010.10.28 23:40:44.335,2.11431,2.11518,1.10,1.30
2010.10.28 23:40:45.577,2.11431,2.11518,1.10,2.00
2010.10.28 23:40:46.157,2.11414,2.11507,1.10,1.10
2010.10.28 23:40:48.465,2.11414,2.11507,1.10,1.10
2010.10.28 23:40:50.733,2.11414,2.11507,1.10,1.10
2010.10.28 23:40:52.914,2.11414,2.11507,1.10,1.10
2010.10.28 23:40:55.422,2.11414,2.11507,1.10,1.10
2010.10.28 23:40:56.425,2.114,2.11493,2.00,1.10
2010.10.28 23:40:57.367,2.11422,2.11506,1.50,1.10
2010.10.28 23:40:57.696,2.11415,2.11506,1.10,1.10
2010.10.28 23:41:00.430,2.11415,2.11506,1.10,1.10
2010.10.28 23:41:02.493,2.11415,2.11506,1.10,1.10
2010.10.28 23:41:04.581,2.11415,2.11506,1.10,1.10
2010.10.28 23:41:07.254,2.11415,2.11506,1.10,1.10
2010.10.28 23:41:09.339,2.11415,2.11506,1.10,1.10
2010.10.28 23:41:11.369,2.11415,2.11506,1.10,1.10
2010.10.28 23:41:11.805,2.11415,2.11506,1.10,1.30
2010.10.28 23:41:11.916,2.11408,2.11493,1.50,1.10
2010.10.28 23:41:12.245,2.114,2.11493,1.10,1.10
2010.10.28 23:41:14.341,2.114,2.11493,1.10,1.10
2010.10.28 23:41:16.915,2.114,2.11493,1.10,1.30
2010.10.28 23:41:19.355,2.114,2.11493,1.10,1.30
2010.10.28 23:41:21.925,2.114,2.11493,1.10,1.30
2010.10.28 23:41:24.355,2.114,2.11493,1.10,1.30
2010.10.28 23:41:26.939,2.114,2.11493,1.10,1.30
2010.10.28 23:41:29.487,2.114,2.11493,1.10,1.30
2010.10.28 23:41:31.637,2.114,2.11493,1.10,1.30
2010.10.28 23:41:34.330,2.114,2.11493,1.10,1.30
2010.10.28 23:41:37.050,2.114,2.11493,1.10,1.30
2010.10.28 23:41:39.120,2.114,2.11493,1.10,1.30
2010.10.28 23:41:39.562,2.11408,2.11493,1.50,1.30
2010.10.28 23:41:39.666,2.11415,2.11506,1.10,1.10
2010.10.28 23:41:41.992,2.11415,2.11506,1.10,1.10
2010.10.28 23:41:44.330,2.11415,2.11506,1.10,1.10
2010.10.28 23:41:47.089,2.11415,2.11506,1.10,1.10
2010.10.28 23:41:49.190,2.11415,2.11506,1.10,1.10
2010.10.28 23:41:52.086,2.11415,2.11506,1.10,1.10
2010.10.28 23:41:54.484,2.11415,2.11506,1.10,1.10
2010.10.28 23:41:57.195,2.11415,2.11506,1.10,1.10
2010.10.28 23:41:59.413,2.11415,2.11506,1.10,1.10
2010.10.28 23:42:01.214,2.1141,2.11499,1.10,1.10
2010.10.28 23:42:01.328,2.11402,2.11493,1.10,1.10
2010.10.28 23:42:01.998,2.1141,2.11499,1.10,1.10
2010.10.28 23:42:02.525,2.11424,2.11507,1.10,1.50
2010.10.28 23:42:02.878,2.11415,2.11507,1.50,1.10
2010.10.28 23:42:05.368,2.11414,2.11507,1.10,1.10
2010.10.28 23:42:07.388,2.11414,2.11507,1.10,1.10
2010.10.28 23:42:08.476,2.11438,2.11514,1.10,1.50
2010.10.28 23:42:08.696,2.11438,2.11524,1.10,1.10
2010.10.28 23:42:09.132,2.11438,2.11524,1.10,1.80
2010.10.28 23:42:09.239,2.11415,2.11506,1.10,1.10
2010.10.28 23:42:12.178,2.11415,2.11506,1.10,1.10
2010.10.28 23:42:14.439,2.11414,2.11507,1.10,1.10
2010.10.28 23:42:16.978,2.11414,2.11507,1.10,1.10
2010.10.28 23:42:19.449,2.11414,2.11507,1.10,1.10
2010.10.28 23:42:21.926,2.11414,2.11507,1.10,1.10
2010.10.28 23:42:24.458,2.11414,2.11507,1.10,1.10
2010.10.28 23:42:27.157,2.11414,2.11507,1.10,1.10
2010.10.28 23:42:29.459,2.11414,2.11507,1.10,1.10
2010.10.28 23:42:32.160,2.11414,2.11507,1.10,1.10
2010.10.28 23:42:34.469,2.11414,2.11507,1.10,1.10
2010.10.28 23:42:34.957,2.1141,2.11499,1.10,1.10
2010.10.28 23:42:37.245,2.1141,2.11499,1.10,1.10
2010.10.28 23:42:39.635,2.1141,2.11499,1.10,1.10
2010.10.28 23:42:41.831,2.1141,2.11499,1.10,1.10
2010.10.28 23:42:43.866,2.1141,2.11499,1.10,1.10
2010.10.28 23:42:45.959,2.1141,2.11499,1.10,1.10
2010.10.28 23:42:48.129,2.1141,2.11499,1.10,1.10
2010.10.28 23:42:50.648,2.1141,2.11499,1.10,1.10
2010.10.28 23:42:53.138,2.1141,2.11499,1.10,1.10
2010.10.28 23:42:55.296,2.1141,2.11499,1.10,1.10
2010.10.28 23:42:57.781,2.1141,2.11499,1.10,1.10
2010.10.28 23:42:59.808,2.1141,2.11499,1.10,1.10
2010.10.28 23:43:02.224,2.1141,2.11499,1.10,1.10
2010.10.28 23:43:04.538,2.1141,2.11499,1.10,1.10
2010.10.28 23:43:07.079,2.1141,2.11499,1.10,1.10
2010.10.28 23:43:08.547,2.1141,2.11499,1.10,1.80
2010.10.28 23:43:08.656,2.11397,2.11484,1.10,1.10
2010.10.28 23:43:10.699,2.11397,2.11484,1.10,1.10
2010.10.28 23:43:13.183,2.11397,2.11484,1.10,1.30
2010.10.28 23:43:15.643,2.11397,2.11484,1.10,1.30
2010.10.28 23:43:18.562,2.11397,2.11484,1.10,1.30
2010.10.28 23:43:18.665,2.11397,2.11484,1.10,2.00
2010.10.28 23:43:20.708,2.11397,2.11484,1.10,2.00
2010.10.28 23:43:25.385,2.11397,2.11484,1.10,2.00
2010.10.28 23:43:27.448,2.11397,2.11484,1.10,2.00
2010.10.28 23:43:29.589,2.11397,2.11484,1.10,2.00
2010.10.28 23:43:30.548,2.11397,2.11484,1.10,1.10
2010.10.28 23:43:33.222,2.114,2.11493,1.10,1.30
2010.10.28 23:43:35.563,2.114,2.11493,1.10,2.00
2010.10.28 23:43:35.676,2.11399,2.11491,1.10,1.30
2010.10.28 23:43:37.891,2.11399,2.11491,1.10,1.10
2010.10.28 23:43:42.310,2.11399,2.11491,1.30,1.10
2010.10.28 23:43:44.616,2.11399,2.11491,1.30,1.10
2010.10.28 23:43:46.847,2.11399,2.11491,1.30,1.10
2010.10.28 23:43:48.868,2.11401,2.11492,1.30,1.10
2010.10.28 23:43:51.295,2.11401,2.11492,1.30,1.10
2010.10.28 23:43:53.431,2.11401,2.11492,1.30,1.10
2010.10.28 23:43:55.686,2.11401,2.11492,1.30,1.10
2010.10.28 23:43:57.035,2.11414,2.115,1.10,1.50
2010.10.28 23:43:57.596,2.11414,2.11507,1.10,1.10
2010.10.28 23:43:59.649,2.11414,2.11507,1.30,1.10
2010.10.28 23:44:02.341,2.11414,2.11507,1.30,1.10
2010.10.28 23:44:04.644,2.11414,2.11507,1.10,1.10
2010.10.28 23:44:07.352,2.11414,2.11507,1.10,1.10
2010.10.28 23:44:09.651,2.11414,2.11507,1.10,1.10
2010.10.28 23:44:12.198,2.11414,2.11507,1.10,1.10
2010.10.28 23:44:14.755,2.11414,2.11507,1.10,1.10
2010.10.28 23:44:17.380,2.11414,2.11507,1.10,1.10
2010.10.28 23:44:19.620,2.11414,2.11507,1.10,1.10
2010.10.28 23:44:21.115,2.11424,2.11511,1.10,1.10
2010.10.28 23:44:23.446,2.11431,2.11518,1.10,1.10
2010.10.28 23:44:25.841,2.11431,2.11518,1.10,1.10
2010.10.28 23:44:28.316,2.11431,2.11518,1.10,1.10
2010.10.28 23:44:33.158,2.11431,2.11518,1.10,1.10
2010.10.28 23:44:35.858,2.11431,2.11518,1.10,1.10
2010.10.28 23:44:38.213,2.11431,2.11518,1.10,1.10
2010.10.28 23:44:40.276,2.11431,2.11518,1.10,1.10
2010.10.28 23:44:42.684,2.11431,2.11518,1.10,1.10
2010.10.28 23:44:44.710,2.11431,2.11518,1.10,1.10
2010.10.28 23:44:47.440,2.11431,2.11518,1.10,1.10
2010.10.28 23:44:49.791,2.11431,2.11518,1.10,1.10
2010.10.28 23:44:52.445,2.11431,2.11518,1.10,1.10
2010.10.28 23:44:53.446,2.11431,2.11518,1.10,2.00
2010.10.28 23:44:53.666,2.11416,2.11505,1.10,2.00
2010.10.28 23:44:53.885,2.11402,2.11491,1.30,1.30
2010.10.28 23:44:55.904,2.11402,2.11491,1.10,1.10
2010.10.28 23:44:57.976,2.11402,2.11491,1.10,1.10
2010.10.28 23:44:59.045,2.11397,2.11484,1.10,1.10
2010.10.28 23:45:01.238,2.11397,2.11484,1.10,1.10
2010.10.28 23:45:03.371,2.11397,2.11484,1.10,1.10
2010.10.28 23:45:04.299,2.11404,2.11491,1.10,1.10
2010.10.28 23:45:06.415,2.11404,2.11491,1.10,1.10
2010.10.28 23:45:08.621,2.11404,2.11491,1.10,1.10
2010.10.28 23:45:10.938,2.11404,2.11491,1.10,1.10
2010.10.28 23:45:13.736,2.11404,2.11491,1.10,1.10
2010.10.28 23:45:15.393,2.11404,2.11491,1.10,1.10
2010.10.28 23:45:17.499,2.11404,2.11491,1.10,1.10
2010.10.28 23:45:19.767,2.11404,2.11491,1.10,1.10
2010.10.28 23:45:20.207,2.11415,2.11508,1.10,1.80
2010.10.28 23:45:20.426,2.11403,2.11492,1.10,1.10
2010.10.28 23:45:22.498,2.11403,2.11492,1.10,1.10
2010.10.28 23:45:24.767,2.11403,2.11492,1.10,1.10
2010.10.28 23:45:27.045,2.11403,2.11492,1.10,1.30
2010.10.28 23:45:29.214,2.11403,2.11492,1.10,1.30
2010.10.28 23:45:31.287,2.11403,2.11492,1.10,1.30
2010.10.28 23:45:33.386,2.11403,2.11492,1.10,1.30
2010.10.28 23:45:35.984,2.11403,2.11492,1.10,1.30
2010.10.28 23:45:38.391,2.11403,2.11492,1.10,1.30
2010.10.28 23:45:40.993,2.11403,2.11492,1.10,1.30
2010.10.28 23:45:43.392,2.11403,2.11492,1.10,1.30
2010.10.28 23:45:46.007,2.11403,2.11492,1.10,1.30
2010.10.28 23:45:48.021,2.11403,2.11492,1.10,1.30
2010.10.28 23:45:48.457,2.11392,2.11464,1.50,1.10
2010.10.28 23:45:48.939,2.11363,2.11447,1.50,1.30
2010.10.28 23:45:49.048,2.11363,2.11452,1.50,1.30
2010.10.28 23:45:49.156,2.11359,2.11452,1.80,1.10
2010.10.28 23:45:51.294,2.11359,2.11452,1.80,1.10
2010.10.28 23:45:53.480,2.11359,2.11452,1.80,1.10
2010.10.28 23:45:55.613,2.11359,2.11452,1.80,1.10
2010.10.28 23:45:57.718,2.11359,2.11452,1.80,1.10
2010.10.28 23:45:59.831,2.11359,2.11452,1.80,1.10
2010.10.28 23:46:01.931,2.11359,2.11452,1.80,1.10
2010.10.28 23:46:04.092,2.11359,2.11452,1.80,1.10
2010.10.28 23:46:06.511,2.11359,2.11452,1.80,1.10
2010.10.28 23:46:07.106,2.11365,2.11471,1.80,1.80
2010.10.28 23:46:07.217,2.11371,2.11471,1.50,1.10
2010.10.28 23:46:07.325,2.11371,2.11477,1.50,1.70
2010.10.28 23:46:07.436,2.11378,2.11477,1.10,1.70
2010.10.28 23:46:07.876,2.1139,2.11486,1.10,1.30
2010.10.28 23:46:09.166,2.11391,2.11489,1.80,1.10
2010.10.28 23:46:11.367,2.11398,2.11489,1.50,1.10
2010.10.28 23:46:11.975,2.11391,2.11486,1.50,1.10
2010.10.28 23:46:14.111,2.11391,2.11486,1.50,1.10
2010.10.28 23:46:16.381,2.11391,2.11486,1.50,1.10
2010.10.28 23:46:18.500,2.11391,2.11486,1.50,1.10
2010.10.28 23:46:19.575,2.11406,2.11497,1.10,1.50
2010.10.28 23:46:22.058,2.11406,2.11498,1.80,1.10
2010.10.28 23:46:23.165,2.11406,2.11498,1.80,2.00
2010.10.28 23:46:23.386,2.11391,2.11485,2.60,1.10
2010.10.28 23:46:23.605,2.11391,2.11485,2.60,1.30
2010.10.28 23:46:25.468,2.11391,2.11485,2.60,1.30
2010.10.28 23:46:27.628,2.11391,2.11485,2.60,1.30
2010.10.28 23:46:29.879,2.11391,2.11485,2.60,1.30
2010.10.28 23:46:31.346,2.11391,2.11485,2.60,2.00
2010.10.28 23:46:31.565,2.11391,2.11485,2.60,2.00
2010.10.28 23:46:31.677,2.11374,2.11457,1.80,1.10
2010.10.28 23:46:31.786,2.11364,2.11457,1.50,1.10
2010.10.28 23:46:31.897,2.11378,2.1147,1.80,2.00
2010.10.28 23:46:32.227,2.11355,2.11442,1.70,1.10
2010.10.28 23:46:32.696,2.11377,2.11456,1.50,1.30
2010.10.28 23:46:33.025,2.11364,2.11456,1.80,1.30
2010.10.28 23:46:33.796,2.11364,2.11455,1.80,1.70
2010.10.28 23:46:33.906,2.1135,2.11442,1.80,1.30
2010.10.28 23:46:34.455,2.1135,2.11442,1.80,1.30
2010.10.28 23:46:36.491,2.1135,2.11442,1.80,1.30
2010.10.28 23:46:38.608,2.11349,2.11443,2.60,2.00
2010.10.28 23:46:43.624,2.11349,2.11443,2.60,2.00
2010.10.28 23:46:45.670,2.11349,2.11443,2.60,2.00
2010.10.28 23:46:46.666,2.11349,2.11443,2.60,2.00
2010.10.28 23:46:46.776,2.11335,2.11428,2.60,1.30
2010.10.28 23:46:48.869,2.11335,2.11428,2.60,1.30
2010.10.28 23:46:50.908,2.11335,2.11428,2.60,1.30
2010.10.28 23:46:52.689,2.11335,2.11428,3.50,1.10
2010.10.28 23:46:53.456,2.11348,2.11432,1.50,1.30
2010.10.28 23:46:54.117,2.11335,2.11428,2.60,1.30
2010.10.28 23:46:56.142,2.11335,2.11428,2.60,1.10
2010.10.28 23:46:58.636,2.11335,2.11428,2.60,1.30
2010.10.28 23:47:00.655,2.11335,2.11428,2.60,1.30
2010.10.28 23:47:02.685,2.11335,2.11428,2.60,1.30
2010.10.28 23:47:04.916,2.11335,2.11428,2.60,1.30
2010.10.28 23:47:07.062,2.11335,2.11428,2.60,1.30
2010.10.28 23:47:09.217,2.11335,2.11428,2.60,1.30
2010.10.28 23:47:11.366,2.11335,2.11428,2.60,1.30
2010.10.28 23:47:14.041,2.11335,2.11428,2.60,1.30
2010.10.28 23:47:16.181,2.11335,2.11428,2.60,1.30
2010.10.28 23:47:19.028,2.11335,2.11428,2.60,1.30
2010.10.28 23:47:21.187,2.11335,2.11428,2.60,1.30
2010.10.28 23:47:23.563,2.11335,2.11428,2.60,1.30
2010.10.28 23:47:25.610,2.11335,2.11428,2.60,1.30
2010.10.28 23:47:27.639,2.11335,2.11428,2.60,1.30
2010.10.28 23:47:30.038,2.11335,2.11428,2.60,1.30
2010.10.28 23:47:30.373,2.11335,2.11428,2.60,1.30
2010.10.28 23:47:30.706,2.11335,2.11428,2.60,1.30
2010.10.28 23:47:32.725,2.11335,2.11428,2.60,1.30
2010.10.28 23:47:35.000,2.11335,2.11428,2.60,1.30
2010.10.28 23:47:37.078,2.11335,2.11428,2.60,1.30
2010.10.28 23:47:39.105,2.11335,2.11428,2.60,1.30
2010.10.28 23:47:41.115,2.11335,2.11428,2.60,1.30
2010.10.28 23:47:42.488,2.11352,2.11439,1.10,1.30
2010.10.28 23:47:42.707,2.11352,2.11439,1.10,1.10
2010.10.28 23:47:42.927,2.11359,2.11446,1.10,1.30
2010.10.28 23:47:44.945,2.11359,2.11446,1.10,1.30
2010.10.28 23:47:47.749,2.11359,2.11446,1.10,1.30
2010.10.28 23:47:48.116,2.11359,2.11446,1.30,1.10
2010.10.28 23:47:48.337,2.11378,2.11461,1.30,1.50
2010.10.28 23:47:48.447,2.11392,2.11479,1.10,1.30
2010.10.28 23:47:49.118,2.11392,2.11479,1.10,2.00
2010.10.28 23:47:50.566,2.11392,2.11479,1.10,2.00
2010.10.28 23:47:51.895,2.11384,2.11473,1.10,1.30
2010.10.28 23:47:53.999,2.11384,2.11473,1.10,1.30
2010.10.28 23:47:55.888,2.11384,2.11473,1.10,2.00
2010.10.28 23:47:56.398,2.11376,2.11468,1.70,1.10
2010.10.28 23:47:58.111,2.11376,2.11468,1.50,2.00
2010.10.28 23:47:58.225,2.11361,2.11454,1.10,1.30
2010.10.28 23:48:00.237,2.11365,2.11454,1.50,1.10
2010.10.28 23:48:02.887,2.11365,2.11454,1.50,1.10
2010.10.28 23:48:04.948,2.11365,2.11454,1.50,1.10
2010.10.28 23:48:07.357,2.11365,2.11454,1.50,1.10
2010.10.28 23:48:08.476,2.11377,2.11466,1.10,1.10
2010.10.28 23:48:09.478,2.11388,2.1148,1.80,1.30
2010.10.28 23:48:11.249,2.1139,2.11491,1.10,1.30
2010.10.28 23:48:11.467,2.11401,2.11495,1.10,1.10
2010.10.28 23:48:12.117,2.1141,2.11499,1.10,1.10
2010.10.28 23:48:12.448,2.11407,2.11494,1.50,1.10
2010.10.28 23:48:12.777,2.11401,2.11494,1.80,1.10
2010.10.28 23:48:13.216,2.11394,2.11492,1.50,1.30
2010.10.28 23:48:14.698,2.11406,2.11512,1.80,1.50
2010.10.28 23:48:14.806,2.11407,2.11513,1.50,1.70
2010.10.28 23:48:14.918,2.11414,2.11507,1.10,1.10
2010.10.28 23:48:15.136,2.11416,2.11514,1.10,1.50
2010.10.28 23:48:15.357,2.11415,2.11506,1.80,1.10
2010.10.28 23:48:15.930,2.1142,2.11518,1.50,1.10
2010.10.28 23:48:17.788,2.1142,2.11518,1.50,1.30
2010.10.28 23:48:18.008,2.114,2.11493,1.80,2.00
2010.10.28 23:48:18.856,2.114,2.11493,2.60,1.30
2010.10.28 23:48:19.378,2.11413,2.11515,1.50,2.00
2010.10.28 23:48:19.927,2.11413,2.11504,1.50,2.00
2010.10.28 23:48:20.147,2.11406,2.11504,1.50,1.30
2010.10.28 23:48:21.230,2.11371,2.11464,2.60,1.30
2010.10.28 23:48:21.669,2.11371,2.11451,1.50,1.10
2010.10.28 23:48:21.997,2.11357,2.11451,1.50,1.10
2010.10.28 23:48:22.437,2.11357,2.11463,2.60,1.70
2010.10.28 23:48:22.546,2.11378,2.11464,1.50,1.30
2010.10.28 23:48:23.065,2.11376,2.11476,1.50,1.10
2010.10.28 23:48:23.286,2.11376,2.11462,1.50,1.10
2010.10.28 23:48:25.288,2.11372,2.11462,1.10,1.10
2010.10.28 23:48:26.460,2.11372,2.11462,1.10,2.00
2010.10.28 23:48:26.678,2.11329,2.11406,1.50,1.10
2010.10.28 23:48:26.897,2.11349,2.11435,1.50,1.30
2010.10.28 23:48:27.007,2.11349,2.1142,1.50,1.30
2010.10.28 23:48:27.117,2.11343,2.1142,1.50,1.30
2010.10.28 23:48:27.457,2.1133,2.1142,1.10,1.30
2010.10.28 23:48:29.778,2.1133,2.1142,1.10,1.30
2010.10.28 23:48:30.273,2.11329,2.11413,1.50,1.10
2010.10.28 23:48:32.116,2.1133,2.11421,1.10,1.10
2010.10.28 23:48:33.054,2.11356,2.11451,1.10,1.10
2010.10.28 23:48:35.047,2.11357,2.11451,1.50,1.10
2010.10.28 23:48:35.155,2.11357,2.11451,1.50,1.30
2010.10.28 23:48:35.687,2.11346,2.11437,1.10,1.10
2010.10.28 23:48:37.863,2.11346,2.11437,1.10,1.30
2010.10.28 23:48:39.979,2.11346,2.11437,1.10,1.30
2010.10.28 23:48:42.528,2.11346,2.11437,1.10,1.30
2010.10.28 23:48:44.973,2.11346,2.11437,1.10,1.30
2010.10.28 23:48:47.005,2.11344,2.11432,1.50,1.30
2010.10.28 23:48:49.109,2.11344,2.11432,1.50,1.30
2010.10.28 23:48:51.367,2.11344,2.11432,1.50,1.30
2010.10.28 23:48:53.406,2.11344,2.11432,1.50,1.30
2010.10.28 23:48:55.782,2.11344,2.11432,1.50,1.30
2010.10.28 23:48:57.927,2.11344,2.11432,1.50,1.30
2010.10.28 23:48:59.976,2.11344,2.11432,1.50,1.10
2010.10.28 23:49:00.086,2.11357,2.11443,1.10,1.10
2010.10.28 23:49:01.167,2.11358,2.11443,1.50,1.30
2010.10.28 23:49:03.203,2.11358,2.11443,1.50,2.00
2010.10.28 23:49:05.423,2.11358,2.11443,1.50,2.00
2010.10.28 23:49:06.392,2.11358,2.11443,1.50,1.30
2010.10.28 23:49:08.559,2.11358,2.11443,1.50,1.30
2010.10.28 23:49:10.813,2.11358,2.11443,1.50,1.30
2010.10.28 23:49:12.963,2.11358,2.11443,1.50,1.30
2010.10.28 23:49:15.173,2.11358,2.11443,1.50,1.30
2010.10.28 23:49:17.844,2.11358,2.11443,1.50,1.30
2010.10.28 23:49:20.182,2.11358,2.11443,1.50,1.30
2010.10.28 23:49:22.976,2.11358,2.11443,1.50,1.30
2010.10.28 23:49:25.066,2.11358,2.11443,1.50,1.30
2010.10.28 23:49:27.078,2.11358,2.11443,1.50,1.30
2010.10.28 23:49:29.222,2.11358,2.11443,1.50,1.30
2010.10.28 23:49:31.769,2.11358,2.11443,1.50,1.30
2010.10.28 23:49:33.855,2.11358,2.11443,1.50,1.10
2010.10.28 23:49:34.187,2.11353,2.11446,1.80,1.10
2010.10.28 23:49:34.296,2.11353,2.11446,1.80,1.10
2010.10.28 23:49:36.335,2.11359,2.11446,1.50,1.10
2010.10.28 23:49:38.519,2.11359,2.11446,1.50,1.10
2010.10.28 23:49:38.736,2.11351,2.1143,1.50,1.10
2010.10.28 23:49:39.067,2.11345,2.11433,1.50,1.10
2010.10.28 23:49:41.187,2.11345,2.11433,1.50,1.10
2010.10.28 23:49:43.202,2.11345,2.11433,1.50,1.10
2010.10.28 23:49:45.256,2.11345,2.11433,1.50,1.10
2010.10.28 23:49:48.048,2.11345,2.11433,1.50,1.10
2010.10.28 23:49:50.246,2.11345,2.11433,1.50,1.10
2010.10.28 23:49:52.246,2.11345,2.11433,1.50,1.10
2010.10.28 23:49:54.725,2.1135,2.11438,1.50,1.10
2010.10.28 23:49:56.818,2.1135,2.11438,1.50,1.10
2010.10.28 23:49:58.976,2.1135,2.11438,1.50,1.10
2010.10.28 23:50:01.187,2.1135,2.11438,1.50,1.10
2010.10.28 23:50:03.678,2.1135,2.11438,1.50,1.10
2010.10.28 23:50:06.396,2.1135,2.11438,1.50,1.10
2010.10.28 23:50:08.999,2.1135,2.11438,1.50,1.10
2010.10.28 23:50:11.198,2.1135,2.11438,1.50,1.10
2010.10.28 23:50:13.205,2.1135,2.11438,1.50,1.10
2010.10.28 23:50:15.297,2.1135,2.11438,1.50,1.10
2010.10.28 23:50:18.251,2.1135,2.11438,1.50,1.10
2010.10.28 23:50:20.337,2.1135,2.11438,1.50,1.10
2010.10.28 23:50:23.124,2.1135,2.11438,1.50,1.10
2010.10.28 23:50:25.285,2.1135,2.11438,1.50,1.10
2010.10.28 23:50:27.389,2.1135,2.11438,1.50,1.10
2010.10.28 23:50:29.452,2.1135,2.11438,1.50,1.10
2010.10.28 23:50:31.566,2.1135,2.11438,1.50,1.10
2010.10.28 23:50:34.040,2.1135,2.11438,1.50,1.10
2010.10.28 23:50:36.095,2.1135,2.11438,1.50,1.10
2010.10.28 23:50:38.657,2.1135,2.11438,1.50,1.10
2010.10.28 23:50:40.416,2.11362,2.11451,1.10,1.10
2010.10.28 23:50:42.489,2.11364,2.11451,1.50,1.10
2010.10.28 23:50:44.648,2.11364,2.11451,1.50,1.10
2010.10.28 23:50:46.923,2.11364,2.11451,1.50,1.10
2010.10.28 23:50:49.029,2.11364,2.11451,1.50,1.10
2010.10.28 23:50:51.575,2.11364,2.11451,1.50,1.10
2010.10.28 23:50:54.083,2.11364,2.11451,1.50,1.10
2010.10.28 23:50:56.786,2.11364,2.11451,1.50,1.10
2010.10.28 23:50:58.880,2.11362,2.11451,1.10,1.10
2010.10.28 23:51:01.322,2.11362,2.11451,1.10,1.10
2010.10.28 23:51:04.107,2.11362,2.11451,1.10,1.10
2010.10.28 23:51:06.617,2.11362,2.11451,1.10,1.10
2010.10.28 23:51:08.885,2.11362,2.11451,1.10,1.10
2010.10.28 23:51:11.626,2.11362,2.11451,1.10,1.10
2010.10.28 23:51:13.619,2.11362,2.11451,1.10,1.10
2010.10.28 23:51:15.813,2.11362,2.11451,1.10,1.10
2010.10.28 23:51:16.514,2.11358,2.11444,1.50,1.10
2010.10.28 23:51:16.846,2.11357,2.11444,1.50,1.10
2010.10.28 23:51:18.081,2.11383,2.11423,1.50,1.10
2010.10.28 23:51:18.297,2.11383,2.11451,1.50,1.10
2010.10.28 23:51:18.628,2.11376,2.11451,1.50,1.10
2010.10.28 23:51:20.299,2.11376,2.11457,1.50,1.10
2010.10.28 23:51:22.399,2.11379,2.11457,1.50,1.10
2010.10.28 23:51:23.656,2.11376,2.1145,1.50,1.10
2010.10.28 23:51:24.528,2.11376,2.11444,1.50,1.10
2010.10.28 23:51:24.748,2.11363,2.11437,1.50,1.10
2010.10.28 23:51:26.996,2.11363,2.11437,1.50,1.10
2010.10.28 23:51:29.146,2.11363,2.11437,1.50,1.10
2010.10.28 23:51:31.345,2.11363,2.11437,1.50,1.10
2010.10.28 23:51:34.367,2.11363,2.11437,1.50,1.10
2010.10.28 23:51:35.427,2.11349,2.11423,1.50,1.10
2010.10.28 23:51:35.647,2.11335,2.11417,1.50,1.10
2010.10.28 23:51:35.870,2.11338,2.1141,1.50,1.10
2010.10.28 23:51:35.977,2.11338,2.11416,1.50,1.10
2010.10.28 23:51:36.469,2.11335,2.11403,1.50,1.10
2010.10.28 23:51:36.927,2.11328,2.11403,1.50,1.10
2010.10.28 23:51:38.947,2.11328,2.11403,1.50,1.10
2010.10.28 23:51:41.678,2.11328,2.11403,1.50,1.10
2010.10.28 23:51:42.586,2.11337,2.11418,1.50,1.10
2010.10.28 23:51:43.046,2.11337,2.1141,1.50,1.10
2010.10.28 23:51:43.156,2.1133,2.1141,1.50,1.10
2010.10.28 23:51:44.857,2.11333,2.11426,1.10,1.10
2010.10.28 23:51:45.077,2.11337,2.11426,1.50,1.10
2010.10.28 23:51:45.407,2.11336,2.11421,1.50,1.10
2010.10.28 23:51:45.627,2.11336,2.11426,1.50,1.10
2010.10.28 23:51:47.930,2.11344,2.11426,1.50,1.10
2010.10.28 23:51:49.986,2.11344,2.11426,1.50,1.10
2010.10.28 23:51:50.597,2.11358,2.11438,1.50,1.10
2010.10.28 23:51:52.509,2.11372,2.11451,1.50,1.10
2010.10.28 23:51:54.946,2.11372,2.11437,1.50,1.10
2010.10.28 23:51:55.058,2.11358,2.11437,1.50,1.10
2010.10.28 23:51:57.430,2.11358,2.11437,1.50,1.10
2010.10.28 23:51:59.812,2.11358,2.11437,1.50,1.10
2010.10.28 23:52:01.316,2.11364,2.11437,1.50,1.10
2010.10.28 23:52:01.803,2.11364,2.1145,1.50,1.10
2010.10.28 23:52:04.368,2.11364,2.11445,1.50,1.10
2010.10.28 23:52:05.840,2.11364,2.11451,1.50,1.10
2010.10.28 23:52:06.168,2.11358,2.11446,1.50,1.10
2010.10.28 23:52:08.327,2.11364,2.11451,1.50,1.10
2010.10.28 23:52:09.365,2.11364,2.11443,1.50,1.10
2010.10.28 23:52:10.856,2.11358,2.11438,1.50,1.10
2010.10.28 23:52:11.863,2.11358,2.11429,1.50,1.10
2010.10.28 23:52:11.977,2.11358,2.11437,1.50,1.10
2010.10.28 23:52:12.726,2.11358,2.11429,1.50,1.10
2010.10.28 23:52:12.836,2.11358,2.11438,1.50,1.10
2010.10.28 23:52:13.167,2.11358,2.1143,1.50,1.10
2010.10.28 23:52:13.657,2.11358,2.11438,1.50,1.10
2010.10.28 23:52:15.804,2.11358,2.11438,1.50,1.10
2010.10.28 23:52:17.186,2.11358,2.11446,1.50,1.10
2010.10.28 23:52:17.677,2.11358,2.11438,1.50,1.10
2010.10.28 23:52:19.824,2.11358,2.11438,1.50,1.10
2010.10.28 23:52:21.827,2.11358,2.11445,1.50,1.10
2010.10.28 23:52:22.320,2.11364,2.11445,1.50,1.10
2010.10.28 23:52:22.537,2.11362,2.11451,1.10,1.10
2010.10.28 23:52:24.007,2.11364,2.11445,1.50,1.10
2010.10.28 23:52:26.135,2.11364,2.1145,1.50,1.10
2010.10.28 23:52:28.367,2.11364,2.1145,1.50,1.10
2010.10.28 23:52:30.473,2.11364,2.1145,1.50,1.10
2010.10.28 23:52:32.514,2.11364,2.1145,1.50,1.10
2010.10.28 23:52:34.567,2.11364,2.1145,1.50,1.10
2010.10.28 23:52:36.759,2.11364,2.1145,1.50,1.10
2010.10.28 23:52:39.275,2.11364,2.1145,1.50,1.10
2010.10.28 23:52:39.988,2.11367,2.11456,1.10,1.10
2010.10.28 23:52:40.316,2.11371,2.11464,1.10,1.10
2010.10.28 23:52:42.968,2.11371,2.11464,1.80,1.10
2010.10.28 23:52:45.447,2.11371,2.11464,1.80,1.10
2010.10.28 23:52:47.508,2.11371,2.11464,1.80,1.10
2010.10.28 23:52:49.115,2.1137,2.11457,2.60,1.10
2010.10.28 23:52:51.150,2.1137,2.11457,2.60,1.10
2010.10.28 23:52:53.191,2.1137,2.11457,2.60,1.10
2010.10.28 23:52:55.206,2.1137,2.11457,2.60,1.10
2010.10.28 23:52:57.246,2.1137,2.11457,2.60,1.10
2010.10.28 23:52:59.315,2.1137,2.11457,2.60,1.10
2010.10.28 23:53:01.873,2.1137,2.11457,2.60,1.10
2010.10.28 23:53:03.916,2.1137,2.11457,2.60,1.10
2010.10.28 23:53:06.008,2.1137,2.11457,2.60,1.10
2010.10.28 23:53:08.094,2.1137,2.11458,1.50,1.10
2010.10.28 23:53:10.307,2.1137,2.11458,1.50,1.10
2010.10.28 23:53:12.611,2.1137,2.11458,1.50,1.10
2010.10.28 23:53:13.276,2.11371,2.11464,1.80,1.10
2010.10.28 23:53:13.606,2.1137,2.11442,1.50,1.10
2010.10.28 23:53:13.717,2.11355,2.11442,1.30,1.10
2010.10.28 23:53:14.272,2.11367,2.11456,1.10,1.10
2010.10.28 23:53:14.379,2.11367,2.11454,1.30,1.10
2010.10.28 23:53:16.397,2.11372,2.11462,1.10,1.10
2010.10.28 23:53:18.582,2.11372,2.11462,1.10,1.10
2010.10.28 23:53:18.687,2.1137,2.11454,1.50,1.10
2010.10.28 23:53:20.984,2.1137,2.11454,1.50,1.10
2010.10.28 23:53:21.576,2.11358,2.11443,1.50,1.10
2010.10.28 23:53:21.910,2.11354,2.11443,1.10,1.10
2010.10.28 23:53:24.112,2.11354,2.11443,1.10,1.10
2010.10.28 23:53:25.905,2.11354,2.11443,2.00,1.10
2010.10.28 23:53:26.017,2.11362,2.11449,1.10,1.10
2010.10.28 23:53:26.127,2.11362,2.11449,1.30,1.10
2010.10.28 23:53:26.628,2.11395,2.11482,1.10,1.10
2010.10.28 23:53:28.698,2.11423,2.11497,1.10,1.50
2010.10.28 23:53:29.137,2.11419,2.11469,1.50,1.10
2010.10.28 23:53:29.466,2.11425,2.11483,1.50,1.10
2010.10.28 23:53:29.936,2.11433,2.11483,1.50,1.10
2010.10.28 23:53:30.904,2.11433,2.11491,1.50,1.10
2010.10.28 23:53:31.391,2.1144,2.11496,1.50,1.10
2010.10.28 23:53:31.498,2.11446,2.11517,1.50,1.10
2010.10.28 23:53:31.951,2.11447,2.11503,1.50,1.10
2010.10.28 23:53:32.058,2.11448,2.11537,1.80,2.00
2010.10.28 23:53:32.166,2.11448,2.11537,1.10,1.10
2010.10.28 23:53:32.668,2.11413,2.11515,1.10,1.10
2010.10.28 23:53:33.680,2.11424,2.11516,1.10,1.10
2010.10.28 23:53:33.797,2.11412,2.11513,1.10,1.10
2010.10.28 23:53:35.288,2.11417,2.11513,1.50,1.10
2010.10.28 23:53:35.727,2.11411,2.11504,2.60,1.10
2010.10.28 23:53:36.077,2.11412,2.11513,1.10,1.10
2010.10.28 23:53:36.296,2.11415,2.11504,1.50,1.10
2010.10.28 23:53:36.407,2.11415,2.11512,1.50,1.10
2010.10.28 23:53:37.315,2.11415,2.11504,1.10,1.10
2010.10.28 23:53:37.757,2.11403,2.11488,1.50,1.10
2010.10.28 23:53:38.319,2.11389,2.11487,1.50,1.10
2010.10.28 23:53:40.003,2.11396,2.11489,1.10,1.10
2010.10.28 23:53:40.547,2.11389,2.11486,1.50,1.10
2010.10.28 23:53:42.807,2.11389,2.11486,1.50,1.10
2010.10.28 23:53:44.839,2.11388,2.11486,1.50,1.10
2010.10.28 23:53:45.056,2.11398,2.11495,1.10,1.50
2010.10.28 23:53:45.747,2.11403,2.11502,1.50,1.10
2010.10.28 23:53:47.810,2.11403,2.11502,1.50,1.10
2010.10.28 23:53:50.015,2.11403,2.11502,1.50,1.10
2010.10.28 23:53:52.355,2.11403,2.11502,1.50,1.10
2010.10.28 23:53:54.493,2.11403,2.11502,1.50,1.10
2010.10.28 23:53:56.983,2.11403,2.11502,1.50,1.10
2010.10.28 23:53:59.014,2.11403,2.11502,1.50,1.10
2010.10.28 23:54:01.318,2.11403,2.11502,1.50,1.10
2010.10.28 23:54:03.238,2.11427,2.11509,1.10,1.50
2010.10.28 23:54:03.458,2.11431,2.1153,1.50,1.10
2010.10.28 23:54:04.917,2.11444,2.11531,1.10,1.10
2010.10.28 23:54:06.987,2.11444,2.11531,1.10,1.10
2010.10.28 23:54:07.579,2.11451,2.11537,1.10,1.50
2010.10.28 23:54:09.273,2.11458,2.11539,1.10,1.50
2010.10.28 23:54:11.863,2.11458,2.11539,1.10,1.50
2010.10.28 23:54:12.417,2.11446,2.11535,1.10,1.10
2010.10.28 23:54:12.726,2.11454,2.11539,1.10,1.50
2010.10.28 23:54:13.229,2.11433,2.11529,1.70,1.10
2010.10.28 23:54:15.637,2.11431,2.1153,1.50,1.10
2010.10.28 23:54:16.216,2.11443,2.11532,1.10,1.10
2010.10.28 23:54:16.827,2.11431,2.1153,1.50,1.10
2010.10.28 23:54:18.016,2.11431,2.1153,1.70,1.10
2010.10.28 23:54:18.697,2.11431,2.1153,1.50,1.10
2010.10.28 23:54:18.806,2.11431,2.11514,1.50,1.10
2010.10.28 23:54:19.026,2.11417,2.11514,1.50,1.10
2010.10.28 23:54:19.586,2.11423,2.11517,1.10,1.10
2010.10.28 23:54:20.137,2.11451,2.11544,1.10,1.10
2010.10.28 23:54:21.227,2.11451,2.11544,1.10,2.00
2010.10.28 23:54:21.557,2.1145,2.11509,1.50,1.10
2010.10.28 23:54:21.777,2.1145,2.11515,1.50,1.10
2010.10.28 23:54:21.887,2.11424,2.11515,1.10,1.10
2010.10.28 23:54:22.379,2.11426,2.11526,2.60,1.10
2010.10.28 23:54:22.708,2.11436,2.11527,1.50,1.10
2010.10.28 23:54:22.818,2.11429,2.11527,1.50,1.10
2010.10.28 23:54:24.248,2.11473,2.11552,1.10,1.80
2010.10.28 23:54:24.358,2.11473,2.1156,1.10,1.10
2010.10.28 23:54:24.948,2.11452,2.11541,1.80,1.10
2010.10.28 23:54:25.060,2.11477,2.11564,1.10,1.10
2010.10.28 23:54:25.717,2.11479,2.11579,1.10,1.10
2010.10.28 23:54:27.646,2.11476,2.11569,2.00,1.10
2010.10.28 23:54:27.756,2.11493,2.1158,1.10,2.60
2010.10.28 23:54:28.324,2.11502,2.11595,1.10,2.60
2010.10.28 23:54:28.658,2.11498,2.11586,1.50,1.10
2010.10.28 23:54:30.556,2.11495,2.11579,1.50,1.10
2010.10.28 23:54:30.666,2.11498,2.11585,1.10,1.10
2010.10.28 23:54:31.766,2.11503,2.11594,1.10,1.10
2010.10.28 23:54:33.296,2.11503,2.1159,1.50,1.10
2010.10.28 23:54:33.407,2.11516,2.11607,1.50,1.10
2010.10.28 23:54:35.704,2.11516,2.11607,1.50,1.10
2010.10.28 23:54:37.277,2.11524,2.11616,1.10,1.10
