2014.05.30 06:00:00.887,1.96641,1.96682,1.19,1.19
2014.05.30 06:00:01.200,1.96633,1.96669,1.19,1.00
2014.05.30 06:00:01.252,1.96633,1.96671,1.19,1.25
2014.05.30 06:00:02.010,1.96632,1.96676,1.69,1.19
2014.05.30 06:00:03.073,1.96632,1.96678,1.69,1.19
2014.05.30 06:00:04.278,1.96633,1.96678,1.69,1.19
2014.05.30 06:00:05.561,1.96636,1.96679,1.19,1.19
2014.05.30 06:00:06.580,1.96634,1.96681,1.69,1.69
2014.05.30 06:00:07.613,1.9664,1.96689,1.19,1.69
2014.05.30 06:00:08.975,1.96646,1.96691,1.19,1.19
2014.05.30 06:00:10.194,1.96647,1.96692,1.19,1.19
2014.05.30 06:00:11.540,1.96646,1.96688,1.19,1.19
2014.05.30 06:00:11.921,1.9665,1.96694,1.19,1.19
2014.05.30 06:00:13.240,1.96657,1.96699,1.19,1.19
2014.05.30 06:00:14.234,1.96657,1.967,1.19,1.19
2014.05.30 06:00:15.262,1.96656,1.96701,1.19,1.19
2014.05.30 06:00:16.490,1.96656,1.96695,1.19,1.19
2014.05.30 06:00:17.554,1.96656,1.96694,1.25,1.19
2014.05.30 06:00:18.769,1.96656,1.96697,1.19,1.19
2014.05.30 06:00:20.167,1.9665,1.96695,1.69,1.19
2014.05.30 06:00:22.377,1.96651,1.96696,1.19,1.19
2014.05.30 06:00:23.423,1.9665,1.96694,1.69,1.19
2014.05.30 06:00:24.487,1.9665,1.96695,2.44,1.19
2014.05.30 06:00:26.167,1.96648,1.96693,1.19,1.19
2014.05.30 06:00:27.597,1.96647,1.9669,1.69,1.19
2014.05.30 06:00:31.436,1.96643,1.96685,1.19,1.19
2014.05.30 06:00:31.637,1.96638,1.9668,1.19,1.19
2014.05.30 06:00:31.950,1.96626,1.96667,1.19,1.19
2014.05.30 06:00:32.252,1.96627,1.96666,1.00,1.19
2014.05.30 06:00:32.598,1.96631,1.96666,1.00,1.19
2014.05.30 06:00:33.450,1.96631,1.96672,1.19,1.27
2014.05.30 06:00:34.366,1.96633,1.96672,1.00,1.27
2014.05.30 06:00:34.467,1.96633,1.96673,1.19,1.37
2014.05.30 06:00:36.592,1.96626,1.96667,1.19,1.19
2014.05.30 06:00:37.163,1.9663,1.9666,1.25,1.00
2014.05.30 06:00:37.698,1.96623,1.96661,1.69,1.25
2014.05.30 06:00:38.017,1.96618,1.96658,1.19,1.19
2014.05.30 06:00:38.895,1.96613,1.96657,1.19,1.19
2014.05.30 06:00:39.914,1.96607,1.96652,1.69,1.69
2014.05.30 06:00:41.017,1.96607,1.9665,1.19,1.19
2014.05.30 06:00:48.659,1.96614,1.9665,1.00,1.19
2014.05.30 06:00:48.770,1.96611,1.9665,1.19,1.19
2014.05.30 06:00:53.651,1.96611,1.96652,1.19,1.19
2014.05.30 06:00:56.529,1.96611,1.96654,1.19,1.19
2014.05.30 06:00:58.677,1.96614,1.96654,1.19,1.19
2014.05.30 06:00:59.721,1.96615,1.96653,1.25,1.19
2014.05.30 06:01:01.898,1.96615,1.96655,1.25,1.69
2014.05.30 06:01:02.441,1.9662,1.96655,1.00,1.69
2014.05.30 06:01:03.007,1.9662,1.96655,1.00,1.19
2014.05.30 06:01:03.667,1.96619,1.96654,1.00,1.19
2014.05.30 06:01:04.327,1.96619,1.96654,1.00,1.19
2014.05.30 06:01:08.347,1.96619,1.96653,1.00,1.19
2014.05.30 06:01:12.145,1.96619,1.96652,1.00,1.19
2014.05.30 06:01:13.450,1.96619,1.96653,1.00,1.19
2014.05.30 06:01:14.455,1.96619,1.96654,1.00,2.44
2014.05.30 06:01:16.662,1.96619,1.96654,1.00,1.19
2014.05.30 06:01:20.504,1.96619,1.96654,1.00,1.69
2014.05.30 06:01:22.314,1.96619,1.96655,1.00,1.19
2014.05.30 06:01:23.318,1.96619,1.96654,1.00,1.19
2014.05.30 06:01:23.866,1.9662,1.96655,1.00,1.69
2014.05.30 06:01:23.917,1.96624,1.96655,1.00,1.19
2014.05.30 06:01:23.967,1.96624,1.96662,1.25,1.19
2014.05.30 06:01:24.121,1.96626,1.96662,1.00,1.19
2014.05.30 06:01:24.781,1.96627,1.96662,1.00,1.19
2014.05.30 06:01:24.934,1.96627,1.96664,1.00,1.19
2014.05.30 06:01:27.505,1.96622,1.96661,1.19,1.19
2014.05.30 06:01:27.957,1.96619,1.96653,1.19,1.00
2014.05.30 06:01:28.165,1.96619,1.96659,1.69,1.49
2014.05.30 06:01:28.642,1.96619,1.96658,1.19,1.49
2014.05.30 06:01:31.256,1.96619,1.96659,1.19,1.57
2014.05.30 06:01:32.378,1.96619,1.96659,1.19,1.57
2014.05.30 06:01:33.496,1.96621,1.96661,1.25,2.07
2014.05.30 06:01:34.695,1.96612,1.96652,1.19,1.19
2014.05.30 06:01:35.416,1.96617,1.96652,1.00,1.19
2014.05.30 06:01:35.746,1.96617,1.96655,1.25,1.19
2014.05.30 06:01:36.736,1.96617,1.96653,1.00,1.19
2014.05.30 06:01:37.252,1.96616,1.96653,1.00,1.19
2014.05.30 06:01:37.725,1.96618,1.96655,1.00,1.19
2014.05.30 06:01:38.051,1.96621,1.96655,1.00,1.19
2014.05.30 06:01:38.115,1.96619,1.96655,1.00,1.19
2014.05.30 06:01:38.827,1.96619,1.96658,1.00,1.57
2014.05.30 06:01:41.036,1.96619,1.96658,1.19,1.57
2014.05.30 06:01:43.369,1.96619,1.9666,1.19,1.19
2014.05.30 06:01:44.326,1.96626,1.96661,1.00,1.19
2014.05.30 06:01:44.377,1.96626,1.96665,1.00,1.19
2014.05.30 06:01:44.616,1.96628,1.96665,1.00,1.19
2014.05.30 06:01:44.778,1.96628,1.96667,1.19,1.19
2014.05.30 06:01:44.880,1.96636,1.96671,1.00,1.19
2014.05.30 06:01:45.384,1.96626,1.96673,1.84,1.19
2014.05.30 06:01:46.308,1.96629,1.96676,1.19,1.19
2014.05.30 06:01:49.609,1.96627,1.96675,1.27,1.19
2014.05.30 06:01:50.364,1.96645,1.96675,1.00,1.19
2014.05.30 06:01:50.515,1.96645,1.96682,1.19,1.19
2014.05.30 06:01:53.118,1.96643,1.96682,1.19,1.19
2014.05.30 06:01:56.348,1.96643,1.96682,1.19,1.19
2014.05.30 06:01:57.554,1.96643,1.96682,1.19,1.19
2014.05.30 06:01:59.492,1.9665,1.96694,1.19,1.19
2014.05.30 06:02:00.715,1.96651,1.96694,1.34,1.19
2014.05.30 06:02:01.676,1.96652,1.96694,1.19,1.19
2014.05.30 06:02:03.884,1.9665,1.96695,1.19,1.69
2014.05.30 06:02:05.490,1.96652,1.96695,1.19,1.19
2014.05.30 06:02:06.494,1.9665,1.96695,1.19,1.69
2014.05.30 06:02:07.719,1.96646,1.96687,1.19,1.19
2014.05.30 06:02:09.273,1.96646,1.96689,1.19,1.19
2014.05.30 06:02:11.642,1.96646,1.96688,1.19,1.19
2014.05.30 06:02:12.547,1.96646,1.96693,1.00,1.19
2014.05.30 06:02:12.864,1.96643,1.96684,1.25,1.00
2014.05.30 06:02:13.016,1.96647,1.96684,1.00,1.00
2014.05.30 06:02:13.634,1.96647,1.96691,1.00,1.69
2014.05.30 06:02:13.964,1.96647,1.96686,1.00,1.19
2014.05.30 06:02:16.064,1.96647,1.96684,1.00,1.19
2014.05.30 06:02:17.169,1.96647,1.96685,1.00,1.19
2014.05.30 06:02:17.934,1.96645,1.96685,1.69,1.19
2014.05.30 06:02:18.174,1.96645,1.96683,1.25,1.19
2014.05.30 06:02:20.678,1.96646,1.96682,1.00,1.19
2014.05.30 06:02:20.980,1.96656,1.96679,1.00,1.19
2014.05.30 06:02:21.325,1.96656,1.96685,1.00,1.19
2014.05.30 06:02:21.934,1.96655,1.96688,1.00,1.19
2014.05.30 06:02:22.304,1.96655,1.96691,1.00,1.19
2014.05.30 06:02:23.000,1.96658,1.96693,1.00,1.19
2014.05.30 06:02:23.217,1.96655,1.96691,1.00,1.19
2014.05.30 06:02:24.319,1.96656,1.96691,1.00,1.19
2014.05.30 06:02:24.927,1.96655,1.96691,1.00,1.19
2014.05.30 06:02:25.589,1.96654,1.96691,1.25,1.19
2014.05.30 06:02:27.075,1.96654,1.96691,1.00,1.69
2014.05.30 06:02:27.593,1.96647,1.96684,1.19,1.25
2014.05.30 06:02:28.123,1.96646,1.96683,1.19,1.25
2014.05.30 06:02:29.092,1.96652,1.96691,1.19,1.19
2014.05.30 06:02:30.164,1.96652,1.96691,1.19,1.19
2014.05.30 06:02:31.514,1.96651,1.9669,1.19,1.19
2014.05.30 06:02:34.702,1.96664,1.96694,1.00,1.19
2014.05.30 06:02:34.904,1.96661,1.96695,1.00,1.19
2014.05.30 06:02:35.227,1.96666,1.96695,1.00,1.19
2014.05.30 06:02:35.328,1.96666,1.96695,1.00,1.19
2014.05.30 06:02:36.865,1.96659,1.96694,1.19,1.19
2014.05.30 06:02:38.733,1.96659,1.96695,1.19,1.25
2014.05.30 06:02:39.127,1.96666,1.96696,1.00,1.19
2014.05.30 06:02:39.347,1.96659,1.96695,1.19,1.25
2014.05.30 06:02:39.846,1.96659,1.96695,1.19,1.19
2014.05.30 06:02:40.809,1.96665,1.96696,1.00,1.19
2014.05.30 06:02:41.754,1.96665,1.96696,1.00,1.19
2014.05.30 06:02:42.757,1.96665,1.96696,1.00,1.19
2014.05.30 06:02:43.874,1.96659,1.96695,1.19,1.19
2014.05.30 06:02:44.801,1.96659,1.96695,1.25,1.19
2014.05.30 06:02:44.868,1.96666,1.967,1.50,1.19
2014.05.30 06:02:45.070,1.96666,1.96703,1.69,1.19
2014.05.30 06:02:45.222,1.9667,1.96706,1.00,1.19
2014.05.30 06:02:46.377,1.9667,1.96707,1.25,1.19
2014.05.30 06:02:47.381,1.9667,1.96707,1.00,1.19
2014.05.30 06:02:50.007,1.9667,1.96707,1.25,1.19
2014.05.30 06:02:51.815,1.9667,1.96707,1.00,1.69
2014.05.30 06:02:54.045,1.96675,1.96707,1.00,1.19
2014.05.30 06:02:54.107,1.9667,1.96707,1.19,1.19
2014.05.30 06:02:55.034,1.9667,1.96707,1.19,1.19
2014.05.30 06:02:57.141,1.9667,1.96707,1.19,1.19
2014.05.30 06:02:59.984,1.9667,1.96707,1.25,1.19
2014.05.30 06:03:02.305,1.9667,1.96707,1.19,1.19
2014.05.30 06:03:03.670,1.9667,1.96707,1.19,1.19
2014.05.30 06:03:04.878,1.96667,1.96706,1.69,1.19
2014.05.30 06:03:05.226,1.96675,1.96706,1.00,1.19
2014.05.30 06:03:08.408,1.96675,1.96706,1.00,1.19
2014.05.30 06:03:09.410,1.96675,1.96706,1.00,1.25
2014.05.30 06:03:11.547,1.96675,1.96706,1.00,1.19
2014.05.30 06:03:12.868,1.96675,1.96706,1.00,1.19
2014.05.30 06:03:12.919,1.96666,1.96703,1.19,1.19
2014.05.30 06:03:13.129,1.96675,1.96703,1.00,1.19
2014.05.30 06:03:14.416,1.96666,1.96703,1.19,1.19
2014.05.30 06:03:14.939,1.96666,1.96703,1.19,1.19
2014.05.30 06:03:16.445,1.96666,1.96703,1.19,1.19
2014.05.30 06:03:17.078,1.96676,1.96703,1.00,1.19
2014.05.30 06:03:17.179,1.96676,1.96703,1.19,1.00
2014.05.30 06:03:17.230,1.96676,1.96707,1.19,1.00
2014.05.30 06:03:17.431,1.9667,1.96697,1.19,1.00
2014.05.30 06:03:17.482,1.96665,1.96697,1.19,1.25
2014.05.30 06:03:18.475,1.96666,1.96704,1.19,1.19
2014.05.30 06:03:20.651,1.96669,1.96708,1.19,1.19
2014.05.30 06:03:21.827,1.96669,1.96708,1.19,1.19
2014.05.30 06:03:23.536,1.96669,1.96708,1.19,1.69
2014.05.30 06:03:24.641,1.96669,1.96708,1.25,1.69
2014.05.30 06:03:25.603,1.96675,1.96708,1.00,1.69
2014.05.30 06:03:25.654,1.96675,1.96708,1.25,1.19
2014.05.30 06:03:25.906,1.96667,1.96704,1.19,1.00
2014.05.30 06:03:26.853,1.96665,1.96704,1.69,1.19
2014.05.30 06:03:27.575,1.96665,1.96696,1.50,1.19
2014.05.30 06:03:27.676,1.96659,1.96692,1.00,1.19
2014.05.30 06:03:28.220,1.96655,1.96684,1.19,1.00
2014.05.30 06:03:29.072,1.96647,1.96684,1.19,1.25
2014.05.30 06:03:30.805,1.96647,1.96684,1.19,1.19
2014.05.30 06:03:32.108,1.96647,1.96684,1.19,1.25
2014.05.30 06:03:32.643,1.96646,1.96682,1.19,1.00
2014.05.30 06:03:32.953,1.96639,1.96678,1.19,1.19
2014.05.30 06:03:33.273,1.96636,1.96673,1.19,1.00
2014.05.30 06:03:33.730,1.96638,1.96675,1.19,1.25
2014.05.30 06:03:33.913,1.96636,1.96673,1.19,1.00
2014.05.30 06:03:34.372,1.96646,1.96681,1.00,1.19
2014.05.30 06:03:35.426,1.96646,1.96683,1.50,1.19
2014.05.30 06:03:35.943,1.96644,1.96674,1.19,1.00
2014.05.30 06:03:36.500,1.96644,1.96675,1.00,1.25
2014.05.30 06:03:36.803,1.96642,1.96665,1.25,1.00
2014.05.30 06:03:37.105,1.96642,1.96674,1.25,1.00
2014.05.30 06:03:37.847,1.96635,1.96677,1.69,1.19
2014.05.30 06:03:37.897,1.96647,1.96682,1.00,1.34
2014.05.30 06:03:38.578,1.96647,1.96681,1.00,1.19
2014.05.30 06:03:40.106,1.96646,1.96681,1.00,1.19
2014.05.30 06:03:40.357,1.96646,1.96683,1.00,1.19
2014.05.30 06:03:40.670,1.96642,1.96675,1.19,1.00
2014.05.30 06:03:40.872,1.96646,1.96683,1.00,1.19
2014.05.30 06:03:41.193,1.96644,1.96683,1.00,1.69
2014.05.30 06:03:41.416,1.96648,1.96684,1.00,1.19
2014.05.30 06:03:42.499,1.96648,1.96683,1.00,1.19
2014.05.30 06:03:43.751,1.96648,1.96685,1.00,1.69
2014.05.30 06:03:44.709,1.96648,1.96684,1.00,1.19
2014.05.30 06:03:45.717,1.96648,1.96685,1.00,1.69
2014.05.30 06:03:46.826,1.96648,1.96685,1.19,1.19
2014.05.30 06:03:47.208,1.96658,1.96689,1.00,1.19
2014.05.30 06:03:47.933,1.96658,1.96693,1.00,1.32
2014.05.30 06:03:49.163,1.9666,1.96693,1.00,1.19
2014.05.30 06:03:49.272,1.9666,1.96697,1.00,1.19
2014.05.30 06:03:50.448,1.9666,1.96694,1.25,1.19
2014.05.30 06:03:51.451,1.96658,1.96694,1.25,1.69
2014.05.30 06:03:54.287,1.96658,1.96694,1.25,1.69
2014.05.30 06:03:54.562,1.96658,1.96685,1.25,1.00
2014.05.30 06:03:56.405,1.96658,1.96685,1.19,1.00
2014.05.30 06:03:57.624,1.96658,1.96694,1.19,1.69
2014.05.30 06:03:58.663,1.9666,1.96695,1.00,1.19
2014.05.30 06:03:58.842,1.96663,1.96695,1.00,1.19
2014.05.30 06:03:59.188,1.96661,1.96695,1.00,1.19
2014.05.30 06:03:59.749,1.96661,1.96695,1.19,1.19
2014.05.30 06:04:00.432,1.96664,1.96695,1.00,1.19
2014.05.30 06:04:00.604,1.9666,1.96695,1.19,1.19
2014.05.30 06:04:00.759,1.96665,1.96695,1.00,1.19
2014.05.30 06:04:03.737,1.96665,1.96695,1.00,1.25
2014.05.30 06:04:04.741,1.96665,1.96695,1.00,1.19
2014.05.30 06:04:06.913,1.96662,1.96694,1.00,1.19
2014.05.30 06:04:07.068,1.96662,1.96694,1.00,1.19
2014.05.30 06:04:07.454,1.96656,1.96694,1.19,1.19
2014.05.30 06:04:07.632,1.96656,1.96685,1.19,1.00
2014.05.30 06:04:07.871,1.96656,1.96685,1.25,1.00
2014.05.30 06:04:08.876,1.96656,1.96685,1.19,1.00
2014.05.30 06:04:10.053,1.96656,1.96675,1.19,1.00
2014.05.30 06:04:10.382,1.96654,1.96684,1.19,1.00
2014.05.30 06:04:10.432,1.96659,1.96684,1.00,1.00
2014.05.30 06:04:10.634,1.96657,1.96684,1.25,1.00
2014.05.30 06:04:10.822,1.96657,1.96695,1.25,1.69
2014.05.30 06:04:12.797,1.96657,1.96695,1.00,1.19
2014.05.30 06:04:13.353,1.96656,1.96694,1.25,1.19
2014.05.30 06:04:13.723,1.96659,1.96694,1.00,1.19
2014.05.30 06:04:14.242,1.96657,1.96694,1.00,1.19
2014.05.30 06:04:14.627,1.96657,1.96694,1.19,1.19
2014.05.30 06:04:14.904,1.96661,1.96694,1.00,1.19
2014.05.30 06:04:15.639,1.96661,1.96694,1.00,1.19
2014.05.30 06:04:16.442,1.96657,1.96694,1.19,1.19
2014.05.30 06:04:18.833,1.96655,1.96695,1.19,1.19
2014.05.30 06:04:19.432,1.9666,1.96696,1.00,1.19
2014.05.30 06:04:19.875,1.96663,1.96696,1.00,1.19
2014.05.30 06:04:20.357,1.96663,1.967,1.25,1.19
2014.05.30 06:04:24.477,1.96663,1.967,1.00,1.19
2014.05.30 06:04:25.541,1.96665,1.967,1.00,1.19
2014.05.30 06:04:25.592,1.96665,1.967,1.25,1.19
2014.05.30 06:04:25.693,1.96668,1.96705,1.00,1.19
2014.05.30 06:04:26.365,1.96666,1.96705,1.00,1.69
2014.05.30 06:04:26.912,1.96669,1.96704,1.00,1.69
2014.05.30 06:04:27.592,1.96669,1.96704,1.00,1.19
2014.05.30 06:04:28.597,1.96669,1.96704,1.00,1.19
2014.05.30 06:04:29.902,1.96669,1.96705,1.00,1.19
2014.05.30 06:04:30.051,1.96675,1.96706,1.00,1.19
2014.05.30 06:04:30.771,1.96676,1.96706,1.00,1.19
2014.05.30 06:04:30.904,1.96676,1.9671,1.00,1.19
2014.05.30 06:04:31.842,1.96675,1.9671,1.00,1.19
2014.05.30 06:04:31.943,1.96675,1.96708,1.00,1.19
2014.05.30 06:04:33.319,1.96675,1.96709,1.50,1.19
2014.05.30 06:04:34.345,1.96685,1.96709,1.00,1.19
2014.05.30 06:04:34.864,1.96686,1.96711,1.00,1.19
2014.05.30 06:04:35.353,1.96686,1.96716,1.00,1.19
2014.05.30 06:04:35.719,1.96681,1.96715,1.25,1.19
2014.05.30 06:04:35.882,1.96686,1.9672,1.00,1.57
2014.05.30 06:04:36.194,1.96688,1.96722,1.00,1.19
2014.05.30 06:04:36.245,1.96686,1.96722,1.00,1.19
2014.05.30 06:04:37.181,1.96686,1.96723,1.00,1.19
2014.05.30 06:04:38.414,1.96686,1.96714,1.00,1.00
2014.05.30 06:04:39.023,1.96682,1.96714,1.19,1.00
2014.05.30 06:04:39.171,1.96682,1.96714,1.00,1.19
2014.05.30 06:04:39.982,1.96681,1.96714,1.25,1.19
2014.05.30 06:04:40.544,1.96682,1.9672,1.00,1.19
2014.05.30 06:04:40.641,1.96685,1.9672,1.00,1.19
2014.05.30 06:04:41.387,1.96685,1.96721,1.00,1.19
2014.05.30 06:04:42.624,1.96685,1.9672,1.00,1.19
2014.05.30 06:04:43.447,1.96688,1.9672,1.00,1.19
2014.05.30 06:04:44.096,1.96688,1.96722,1.00,1.19
2014.05.30 06:04:45.197,1.96688,1.96723,1.00,1.19
2014.05.30 06:04:47.104,1.96688,1.96722,1.00,1.19
2014.05.30 06:04:47.571,1.96677,1.96722,1.19,1.19
2014.05.30 06:04:50.483,1.9668,1.96721,1.19,1.19
2014.05.30 06:04:52.652,1.9668,1.96723,1.19,1.19
2014.05.30 06:04:57.892,1.9668,1.96725,1.19,1.69
2014.05.30 06:04:59.075,1.96682,1.96724,1.19,1.19
2014.05.30 06:05:03.536,1.96682,1.96724,1.19,1.19
2014.05.30 06:05:06.158,1.96682,1.96725,1.19,1.19
2014.05.30 06:05:07.233,1.96682,1.96724,1.19,1.19
2014.05.30 06:05:09.004,1.96678,1.96725,1.19,1.19
2014.05.30 06:05:14.543,1.96695,1.96725,1.00,1.19
2014.05.30 06:05:14.594,1.96695,1.9673,1.00,1.39
2014.05.30 06:05:15.668,1.96695,1.96732,1.00,1.19
2014.05.30 06:05:16.722,1.96695,1.9673,1.00,1.19
2014.05.30 06:05:17.102,1.96692,1.96725,1.25,1.19
2014.05.30 06:05:18.578,1.96685,1.96723,1.25,1.19
2014.05.30 06:05:20.065,1.96686,1.96723,1.00,1.19
2014.05.30 06:05:20.116,1.96686,1.96724,1.19,1.19
2014.05.30 06:05:20.518,1.96695,1.9673,1.00,1.19
2014.05.30 06:05:21.028,1.96696,1.9673,1.00,1.19
2014.05.30 06:05:21.129,1.96695,1.96735,1.19,1.19
2014.05.30 06:05:22.134,1.9669,1.96732,1.19,1.19
2014.05.30 06:05:22.674,1.96686,1.96724,1.69,1.00
2014.05.30 06:05:23.622,1.96688,1.96724,1.19,1.19
2014.05.30 06:05:24.632,1.96687,1.9673,1.19,1.19
2014.05.30 06:05:25.664,1.9669,1.96733,1.19,1.19
2014.05.30 06:05:26.654,1.9669,1.96733,1.19,1.19
2014.05.30 06:05:28.044,1.9669,1.96732,1.19,1.19
2014.05.30 06:05:30.204,1.96686,1.9673,1.69,1.19
2014.05.30 06:05:31.764,1.96686,1.9673,1.19,1.19
2014.05.30 06:05:34.675,1.96685,1.9673,1.19,1.19
2014.05.30 06:05:36.940,1.96686,1.9673,1.19,1.19
2014.05.30 06:05:40.119,1.96685,1.96728,1.69,1.19
2014.05.30 06:05:41.468,1.96685,1.9673,1.69,1.19
2014.05.30 06:05:45.947,1.96687,1.96731,1.19,1.19
2014.05.30 06:05:46.949,1.96687,1.96731,1.19,1.19
2014.05.30 06:05:47.322,1.96696,1.96731,1.00,1.19
2014.05.30 06:05:47.875,1.96689,1.96731,1.19,1.19
2014.05.30 06:05:49.161,1.96688,1.96734,1.19,1.19
2014.05.30 06:05:50.366,1.96688,1.96732,1.19,1.19
2014.05.30 06:05:51.644,1.96686,1.96727,1.25,1.19
2014.05.30 06:05:55.045,1.96686,1.96728,1.19,1.19
2014.05.30 06:05:56.716,1.96686,1.96728,1.19,1.19
2014.05.30 06:05:57.303,1.96695,1.96728,1.00,1.19
2014.05.30 06:05:57.455,1.96695,1.9674,1.19,2.63
2014.05.30 06:05:57.656,1.96706,1.96746,1.19,1.19
2014.05.30 06:05:57.984,1.96716,1.96746,1.00,1.19
2014.05.30 06:05:58.085,1.96706,1.96746,1.69,1.19
2014.05.30 06:05:58.725,1.96705,1.96749,1.19,1.19
2014.05.30 06:05:59.830,1.96705,1.96748,1.19,1.19
2014.05.30 06:06:00.983,1.96706,1.96748,1.19,1.19
2014.05.30 06:06:01.539,1.96711,1.96748,1.84,1.19
2014.05.30 06:06:01.589,1.96719,1.96754,1.53,1.00
2014.05.30 06:06:01.640,1.96735,1.96761,1.00,1.38
2014.05.30 06:06:01.956,1.96756,1.96794,1.00,2.07
2014.05.30 06:06:02.057,1.96766,1.96795,1.00,1.57
2014.05.30 06:06:02.410,1.96756,1.96795,1.00,1.57
2014.05.30 06:06:03.024,1.96755,1.96795,1.25,1.19
2014.05.30 06:06:03.075,1.96755,1.968,1.19,1.19
2014.05.30 06:06:04.266,1.96756,1.96799,1.19,1.19
2014.05.30 06:06:07.466,1.96753,1.96795,1.19,1.19
2014.05.30 06:06:08.621,1.9675,1.96795,1.69,1.19
2014.05.30 06:06:10.681,1.96751,1.96794,1.19,1.19
2014.05.30 06:06:14.697,1.96751,1.96785,1.19,1.00
2014.05.30 06:06:14.849,1.96748,1.96785,1.19,1.25
2014.05.30 06:06:15.913,1.96749,1.96794,1.19,1.19
2014.05.30 06:06:18.153,1.96755,1.96795,1.19,1.19
2014.05.30 06:06:20.347,1.96755,1.96795,1.19,1.19
2014.05.30 06:06:20.844,1.96751,1.96785,1.19,1.00
2014.05.30 06:06:23.352,1.96751,1.96794,1.19,1.19
2014.05.30 06:06:24.094,1.96752,1.96794,1.19,1.19
2014.05.30 06:06:26.174,1.96756,1.96794,1.00,1.69
2014.05.30 06:06:27.278,1.96756,1.96794,1.19,1.19
2014.05.30 06:06:28.281,1.96756,1.96794,1.19,1.19
2014.05.30 06:06:28.331,1.96765,1.96798,1.00,1.19
2014.05.30 06:06:28.852,1.96755,1.96795,1.19,1.19
2014.05.30 06:06:29.336,1.96765,1.96797,1.00,1.19
2014.05.30 06:06:31.821,1.96756,1.96794,1.19,1.19
2014.05.30 06:06:38.040,1.96756,1.96794,1.19,1.19
2014.05.30 06:06:38.330,1.96752,1.96784,1.19,1.00
2014.05.30 06:06:40.273,1.96753,1.96784,1.19,1.00
2014.05.30 06:06:41.061,1.96753,1.96785,1.19,1.00
2014.05.30 06:06:43.152,1.96753,1.96795,1.19,1.19
2014.05.30 06:06:44.065,1.96751,1.96794,1.19,1.19
2014.05.30 06:06:45.925,1.96755,1.96799,1.19,1.19
2014.05.30 06:06:47.893,1.96766,1.968,1.00,1.19
2014.05.30 06:06:47.994,1.96766,1.96803,1.00,1.27
2014.05.30 06:06:48.516,1.96765,1.96803,1.00,1.27
2014.05.30 06:06:49.228,1.96765,1.96802,1.00,1.29
2014.05.30 06:06:49.839,1.96766,1.96802,1.00,1.29
2014.05.30 06:06:50.497,1.96765,1.96801,1.00,1.19
2014.05.30 06:06:51.539,1.96765,1.96802,1.00,1.29
2014.05.30 06:06:52.530,1.96765,1.96802,1.00,1.29
2014.05.30 06:06:53.723,1.96765,1.96802,1.00,1.29
2014.05.30 06:06:54.956,1.96765,1.96803,1.00,1.27
2014.05.30 06:06:56.843,1.96765,1.96801,1.00,1.19
2014.05.30 06:06:58.400,1.96759,1.96801,1.19,1.19
2014.05.30 06:06:58.552,1.96756,1.96795,1.00,1.19
2014.05.30 06:06:58.859,1.96759,1.96795,1.00,1.19
2014.05.30 06:06:58.911,1.96755,1.96795,1.25,1.19
2014.05.30 06:06:59.063,1.96765,1.96795,1.00,1.34
2014.05.30 06:06:59.723,1.96766,1.96795,1.00,1.19
2014.05.30 06:07:00.250,1.96766,1.96797,1.00,1.19
2014.05.30 06:07:00.601,1.96756,1.96797,1.19,1.19
2014.05.30 06:07:01.091,1.96756,1.96789,1.00,1.19
2014.05.30 06:07:02.142,1.96765,1.96789,1.00,1.19
2014.05.30 06:07:02.192,1.96765,1.96792,1.00,1.19
2014.05.30 06:07:02.394,1.96756,1.96792,1.00,1.19
2014.05.30 06:07:02.581,1.96765,1.96792,1.00,1.19
2014.05.30 06:07:03.721,1.96765,1.96797,1.00,1.19
2014.05.30 06:07:05.005,1.96765,1.96795,1.00,1.19
2014.05.30 06:07:05.678,1.96766,1.96795,1.00,1.19
2014.05.30 06:07:06.151,1.96766,1.96798,1.00,1.19
2014.05.30 06:07:06.320,1.96755,1.96795,1.19,1.19
2014.05.30 06:07:07.119,1.96755,1.96794,1.00,1.19
2014.05.30 06:07:08.081,1.96766,1.96794,1.00,1.19
2014.05.30 06:07:08.929,1.96766,1.96796,1.00,1.19
2014.05.30 06:07:12.371,1.96756,1.96788,1.00,1.19
2014.05.30 06:07:12.781,1.96756,1.96794,1.00,1.19
2014.05.30 06:07:13.360,1.96755,1.96795,1.25,1.19
2014.05.30 06:07:13.892,1.96755,1.96793,1.25,1.19
2014.05.30 06:07:14.989,1.96755,1.96789,1.00,1.19
2014.05.30 06:07:15.340,1.96751,1.96789,1.00,1.19
2014.05.30 06:07:15.492,1.96745,1.96789,1.19,1.19
2014.05.30 06:07:15.593,1.96755,1.96789,1.00,1.19
2014.05.30 06:07:15.896,1.96746,1.96789,1.19,1.19
2014.05.30 06:07:16.424,1.96746,1.96788,1.19,1.19
2014.05.30 06:07:16.909,1.96755,1.96794,1.00,1.19
2014.05.30 06:07:17.540,1.96766,1.96794,1.00,1.19
2014.05.30 06:07:17.987,1.96766,1.96796,1.00,1.19
2014.05.30 06:07:19.091,1.96766,1.96795,1.00,1.19
2014.05.30 06:07:19.771,1.96755,1.96795,1.19,1.69
2014.05.30 06:07:19.822,1.96757,1.96795,1.19,1.25
2014.05.30 06:07:19.923,1.96765,1.96802,1.19,1.02
2014.05.30 06:07:20.092,1.96775,1.9681,1.00,1.69
2014.05.30 06:07:20.296,1.96769,1.9681,1.25,1.19
2014.05.30 06:07:21.102,1.96769,1.96815,1.19,1.69
2014.05.30 06:07:22.230,1.96769,1.96812,1.19,1.19
2014.05.30 06:07:23.242,1.96769,1.96813,1.19,1.19
2014.05.30 06:07:25.622,1.96775,1.96814,1.19,1.19
2014.05.30 06:07:26.627,1.96775,1.96814,1.00,1.19
2014.05.30 06:07:29.074,1.96769,1.96814,1.19,1.19
2014.05.30 06:07:29.175,1.96769,1.96814,1.19,1.19
2014.05.30 06:07:30.173,1.96769,1.96814,1.19,1.19
2014.05.30 06:07:30.656,1.96785,1.96815,1.00,1.19
2014.05.30 06:07:30.857,1.9678,1.96815,1.00,1.19
2014.05.30 06:07:30.908,1.96775,1.96815,1.00,1.19
2014.05.30 06:07:31.453,1.96776,1.96815,1.00,1.19
2014.05.30 06:07:31.575,1.96776,1.96818,1.19,1.19
2014.05.30 06:07:32.981,1.96768,1.96813,1.19,1.19
2014.05.30 06:07:33.309,1.96776,1.96813,1.00,1.19
2014.05.30 06:07:33.968,1.96775,1.96813,1.00,1.19
2014.05.30 06:07:34.796,1.96776,1.96813,1.00,1.19
2014.05.30 06:07:35.408,1.96776,1.96812,1.00,1.19
2014.05.30 06:07:37.212,1.96775,1.96812,1.00,1.19
2014.05.30 06:07:37.540,1.96776,1.96809,1.00,1.19
2014.05.30 06:07:38.644,1.96786,1.96809,1.00,1.19
2014.05.30 06:07:38.816,1.96786,1.96813,1.00,1.19
2014.05.30 06:07:38.972,1.96775,1.96813,1.00,1.19
2014.05.30 06:07:39.632,1.96776,1.96813,1.00,1.19
2014.05.30 06:07:40.289,1.96776,1.96814,1.00,1.19
2014.05.30 06:07:43.450,1.96776,1.96813,1.00,1.19
2014.05.30 06:07:44.799,1.96785,1.96812,1.00,1.19
2014.05.30 06:07:45.458,1.96785,1.96817,1.00,1.19
2014.05.30 06:07:45.790,1.96776,1.96817,1.25,1.19
2014.05.30 06:07:46.687,1.96776,1.96818,1.19,1.19
2014.05.30 06:07:47.348,1.96785,1.96818,1.00,1.19
2014.05.30 06:07:48.101,1.96785,1.96822,1.00,1.49
2014.05.30 06:07:48.151,1.96793,1.96822,1.00,1.49
2014.05.30 06:07:48.252,1.96856,1.96894,1.00,1.00
2014.05.30 06:07:48.303,1.96856,1.96894,1.00,1.38
2014.05.30 06:07:48.606,1.96865,1.96896,1.00,1.69
2014.05.30 06:07:48.656,1.96865,1.96896,1.00,1.64
2014.05.30 06:07:48.843,1.96856,1.96894,1.25,1.19
2014.05.30 06:07:49.506,1.96856,1.96894,1.00,1.69
2014.05.30 06:07:51.150,1.96865,1.96893,1.00,1.19
2014.05.30 06:07:51.698,1.96865,1.96895,1.00,1.29
2014.05.30 06:07:53.095,1.96865,1.96896,1.00,1.27
2014.05.30 06:07:53.146,1.96856,1.96894,1.19,1.19
2014.05.30 06:07:53.879,1.96859,1.96896,1.00,1.19
2014.05.30 06:07:54.608,1.96859,1.96902,1.19,1.19
2014.05.30 06:07:55.809,1.96859,1.96899,1.19,1.19
2014.05.30 06:07:57.360,1.96855,1.96895,1.19,1.19
2014.05.30 06:07:58.080,1.96866,1.96896,1.00,1.34
2014.05.30 06:07:58.247,1.96866,1.96904,1.19,1.19
2014.05.30 06:07:58.450,1.96866,1.96904,2.44,1.00
2014.05.30 06:07:58.953,1.96869,1.96905,1.19,1.00
2014.05.30 06:07:59.475,1.9687,1.96904,1.19,1.00
2014.05.30 06:08:00.057,1.9687,1.96905,1.19,1.19
2014.05.30 06:08:00.830,1.9687,1.96894,1.19,1.00
2014.05.30 06:08:01.183,1.96858,1.96894,1.19,1.19
2014.05.30 06:08:01.384,1.96856,1.96885,1.19,1.00
2014.05.30 06:08:02.597,1.96847,1.96885,1.19,1.19
2014.05.30 06:08:03.867,1.96847,1.96885,1.19,1.19
2014.05.30 06:08:04.170,1.96856,1.96893,1.00,1.19
2014.05.30 06:08:04.221,1.96861,1.96893,1.00,1.19
2014.05.30 06:08:04.272,1.96863,1.96894,1.00,1.19
2014.05.30 06:08:04.323,1.96861,1.96894,1.25,1.19
2014.05.30 06:08:04.373,1.96861,1.96884,1.25,1.00
2014.05.30 06:08:04.575,1.96855,1.96889,1.00,1.27
2014.05.30 06:08:04.676,1.9686,1.96895,1.00,1.57
2014.05.30 06:08:04.727,1.9686,1.96895,1.00,1.19
2014.05.30 06:08:04.778,1.96858,1.96895,1.69,1.00
2014.05.30 06:08:04.879,1.96858,1.96895,1.19,1.53
2014.05.30 06:08:05.182,1.96846,1.96888,1.19,1.27
2014.05.30 06:08:06.227,1.96844,1.96885,1.19,1.19
2014.05.30 06:08:07.384,1.96839,1.96884,1.19,1.29
2014.05.30 06:08:09.398,1.9685,1.96885,1.19,1.19
2014.05.30 06:08:10.417,1.9685,1.96885,1.19,1.25
2014.05.30 06:08:12.625,1.9685,1.96885,1.19,1.00
2014.05.30 06:08:14.829,1.96846,1.96893,1.19,1.42
2014.05.30 06:08:15.012,1.96856,1.96893,1.00,1.19
2014.05.30 06:08:16.337,1.96856,1.96895,1.19,1.19
2014.05.30 06:08:19.849,1.96856,1.96894,1.00,1.19
2014.05.30 06:08:21.429,1.96849,1.96893,1.19,1.19
2014.05.30 06:08:22.392,1.96851,1.96894,1.19,1.19
2014.05.30 06:08:24.995,1.96849,1.96894,1.69,1.19
2014.05.30 06:08:26.363,1.96866,1.96895,1.00,1.19
2014.05.30 06:08:26.414,1.96866,1.96903,1.00,1.69
2014.05.30 06:08:26.465,1.96868,1.96904,1.00,1.69
2014.05.30 06:08:26.666,1.96857,1.96895,1.19,1.00
2014.05.30 06:08:26.920,1.96868,1.96904,1.00,1.19
2014.05.30 06:08:27.021,1.96865,1.96904,1.00,1.19
2014.05.30 06:08:27.584,1.96857,1.96904,1.19,1.34
2014.05.30 06:08:28.112,1.96856,1.96902,1.69,1.34
2014.05.30 06:08:29.422,1.96855,1.96897,1.19,1.19
2014.05.30 06:08:31.089,1.96853,1.96894,1.19,1.19
2014.05.30 06:08:32.413,1.9685,1.96894,1.19,1.19
2014.05.30 06:08:38.031,1.9685,1.96894,1.19,1.69
2014.05.30 06:08:39.135,1.9685,1.96894,1.19,1.19
2014.05.30 06:08:41.651,1.96853,1.96894,1.19,1.19
2014.05.30 06:08:42.641,1.96853,1.96885,1.19,1.00
2014.05.30 06:08:42.692,1.96847,1.96885,1.19,1.25
2014.05.30 06:08:43.619,1.96855,1.96893,1.00,1.29
2014.05.30 06:08:44.368,1.96855,1.96884,1.25,1.00
2014.05.30 06:08:44.981,1.96855,1.96884,1.19,1.00
2014.05.30 06:08:50.878,1.96855,1.96884,1.00,1.19
2014.05.30 06:08:52.086,1.96855,1.96884,1.00,1.19
2014.05.30 06:08:53.087,1.96855,1.96884,1.00,1.19
2014.05.30 06:08:53.838,1.96855,1.96884,1.19,1.00
2014.05.30 06:08:54.810,1.96855,1.96884,1.19,1.00
2014.05.30 06:08:54.861,1.96855,1.96894,1.19,1.27
2014.05.30 06:08:55.912,1.96855,1.96894,1.19,1.19
2014.05.30 06:08:57.051,1.96857,1.96894,1.00,1.19
2014.05.30 06:08:57.609,1.96855,1.96894,1.19,1.19
2014.05.30 06:08:57.659,1.96855,1.96894,1.19,1.19
2014.05.30 06:08:58.627,1.96855,1.96894,1.19,1.19
2014.05.30 06:08:59.681,1.96856,1.96894,1.69,1.00
2014.05.30 06:09:00.254,1.96855,1.96894,1.19,1.19
2014.05.30 06:09:01.383,1.96855,1.96894,1.25,1.19
2014.05.30 06:09:02.512,1.96855,1.96894,1.00,1.19
2014.05.30 06:09:03.485,1.96855,1.96894,1.19,1.19
2014.05.30 06:09:04.654,1.96855,1.96894,1.25,1.19
2014.05.30 06:09:06.861,1.96856,1.96894,1.19,1.25
2014.05.30 06:09:08.458,1.96857,1.96884,1.19,1.00
2014.05.30 06:09:09.472,1.96854,1.96884,1.19,1.00
2014.05.30 06:09:12.405,1.96853,1.96884,1.19,1.00
2014.05.30 06:09:12.808,1.96858,1.96884,1.19,1.00
2014.05.30 06:09:12.858,1.96858,1.96894,1.19,1.00
2014.05.30 06:09:13.362,1.96859,1.96895,1.19,1.00
2014.05.30 06:09:13.887,1.96858,1.96894,1.69,1.00
2014.05.30 06:09:14.291,1.96866,1.96904,1.25,1.19
2014.05.30 06:09:15.064,1.96866,1.96904,1.19,1.19
2014.05.30 06:09:16.048,1.96863,1.96895,1.19,1.00
2014.05.30 06:09:16.628,1.96864,1.96895,1.19,1.00
2014.05.30 06:09:17.963,1.96858,1.96895,1.19,1.00
2014.05.30 06:09:19.651,1.96858,1.96894,1.19,1.00
2014.05.30 06:09:20.528,1.96857,1.96895,1.19,1.00
2014.05.30 06:09:21.167,1.9686,1.96895,1.19,1.00
2014.05.30 06:09:22.068,1.9686,1.96894,1.19,1.00
2014.05.30 06:09:22.396,1.96864,1.96894,1.19,1.00
2014.05.30 06:09:24.444,1.96865,1.96894,1.19,1.00
2014.05.30 06:09:25.588,1.96865,1.96895,1.19,1.00
2014.05.30 06:09:25.741,1.96858,1.96895,1.19,1.00
2014.05.30 06:09:26.246,1.96858,1.96894,1.19,1.00
2014.05.30 06:09:26.578,1.96858,1.96884,1.19,1.00
2014.05.30 06:09:26.629,1.96851,1.96884,1.19,1.00
2014.05.30 06:09:27.160,1.96851,1.96884,1.19,1.08
2014.05.30 06:09:27.261,1.96844,1.96884,1.19,1.27
2014.05.30 06:09:27.315,1.96844,1.96878,1.00,1.19
2014.05.30 06:09:27.416,1.96833,1.96875,1.19,1.19
2014.05.30 06:09:28.127,1.96833,1.96864,1.19,1.00
2014.05.30 06:09:29.140,1.96833,1.96855,1.19,1.00
2014.05.30 06:09:29.242,1.96824,1.96855,1.19,1.00
2014.05.30 06:09:29.879,1.96824,1.96865,1.19,1.19
2014.05.30 06:09:29.930,1.96824,1.9686,1.19,1.00
2014.05.30 06:09:30.031,1.96815,1.96859,1.19,1.19
2014.05.30 06:09:30.133,1.96802,1.96845,1.32,1.19
2014.05.30 06:09:31.147,1.96801,1.96845,1.19,1.19
2014.05.30 06:09:32.139,1.96801,1.96845,1.19,1.19
2014.05.30 06:09:33.356,1.96803,1.96845,1.19,1.19
2014.05.30 06:09:34.351,1.96803,1.96844,1.19,1.19
2014.05.30 06:09:35.668,1.96803,1.96844,1.19,1.19
2014.05.30 06:09:36.859,1.96804,1.96844,1.19,1.19
2014.05.30 06:09:38.064,1.96801,1.96844,1.19,1.19
2014.05.30 06:09:40.291,1.96802,1.96844,1.19,1.19
2014.05.30 06:09:41.676,1.96803,1.96844,1.19,1.19
2014.05.30 06:09:44.094,1.96802,1.96844,1.19,1.19
2014.05.30 06:09:45.060,1.96802,1.96835,1.19,1.00
2014.05.30 06:09:45.831,1.96802,1.96845,1.69,1.19
2014.05.30 06:09:46.349,1.96805,1.96845,1.19,1.25
2014.05.30 06:09:46.656,1.96815,1.96855,1.69,1.19
2014.05.30 06:09:47.838,1.96816,1.96854,1.19,1.19
2014.05.30 06:09:48.318,1.96821,1.96854,1.19,1.00
2014.05.30 06:09:50.211,1.96826,1.96864,1.19,1.19
2014.05.30 06:09:50.949,1.96826,1.96864,1.19,1.19
2014.05.30 06:09:51.621,1.96825,1.96855,1.19,1.00
2014.05.30 06:09:52.236,1.96825,1.96855,1.19,1.00
2014.05.30 06:09:52.539,1.96814,1.96854,1.19,1.19
2014.05.30 06:09:53.341,1.96804,1.96852,1.19,1.19
2014.05.30 06:09:56.061,1.96805,1.9685,1.19,1.19
2014.05.30 06:09:56.563,1.96811,1.96855,1.19,1.29
2014.05.30 06:09:56.866,1.96826,1.96864,1.25,1.19
2014.05.30 06:09:57.969,1.96825,1.96865,1.19,1.19
2014.05.30 06:09:59.123,1.96825,1.96865,1.19,1.19
2014.05.30 06:10:00.181,1.96825,1.96865,1.19,1.19
2014.05.30 06:10:02.196,1.96826,1.96864,1.19,1.19
2014.05.30 06:10:03.415,1.96823,1.96855,1.69,1.00
2014.05.30 06:10:05.150,1.96815,1.96855,1.69,1.19
2014.05.30 06:10:05.402,1.96813,1.96844,1.19,1.00
2014.05.30 06:10:06.139,1.96815,1.96855,1.19,1.19
2014.05.30 06:10:06.323,1.96815,1.96855,1.19,1.19
2014.05.30 06:10:10.035,1.96816,1.96854,1.19,1.19
2014.05.30 06:10:11.168,1.96821,1.96865,1.19,1.19
2014.05.30 06:10:12.676,1.96827,1.96865,1.19,1.25
2014.05.30 06:10:13.842,1.96827,1.96865,1.19,1.00
2014.05.30 06:10:14.358,1.96827,1.96864,1.19,1.00
2014.05.30 06:10:16.351,1.96826,1.96864,1.19,1.00
2014.05.30 06:10:20.776,1.96827,1.96864,1.19,1.00
2014.05.30 06:10:21.440,1.96827,1.96865,1.19,1.25
2014.05.30 06:10:21.663,1.96836,1.96873,1.00,1.19
2014.05.30 06:10:21.849,1.96827,1.96865,1.69,1.25
2014.05.30 06:10:22.001,1.96836,1.96873,1.00,1.19
2014.05.30 06:10:22.102,1.96827,1.96864,1.69,1.00
2014.05.30 06:10:23.210,1.96827,1.96865,1.19,1.25
2014.05.30 06:10:23.645,1.96836,1.96873,1.00,1.19
2014.05.30 06:10:23.897,1.96829,1.96865,1.19,1.25
2014.05.30 06:10:24.164,1.96832,1.96865,1.19,1.00
2014.05.30 06:10:24.299,1.96835,1.96875,1.19,1.19
2014.05.30 06:10:25.288,1.96832,1.96864,1.19,1.00
2014.05.30 06:10:26.566,1.96837,1.96864,1.19,1.00
2014.05.30 06:10:26.617,1.96845,1.9688,1.25,1.19
2014.05.30 06:10:27.121,1.96846,1.96883,1.00,1.19
2014.05.30 06:10:27.171,1.96848,1.96884,1.19,1.00
2014.05.30 06:10:27.479,1.96857,1.96885,1.00,1.00
2014.05.30 06:10:27.580,1.9685,1.96885,1.19,1.00
2014.05.30 06:10:27.883,1.96857,1.96885,1.00,1.00
2014.05.30 06:10:28.420,1.96855,1.96893,1.25,1.19
2014.05.30 06:10:29.031,1.96855,1.96894,1.19,1.19
2014.05.30 06:10:30.607,1.96855,1.96894,1.19,1.25
2014.05.30 06:10:35.078,1.96855,1.96884,1.19,1.00
2014.05.30 06:10:36.330,1.96851,1.96884,1.19,1.00
2014.05.30 06:10:38.048,1.96856,1.96894,1.19,1.19
2014.05.30 06:10:42.078,1.96855,1.96895,1.19,1.19
2014.05.30 06:10:44.859,1.96855,1.96895,1.19,1.19
2014.05.30 06:10:47.368,1.96855,1.96895,1.19,1.19
2014.05.30 06:10:49.177,1.96855,1.96895,1.19,1.19
2014.05.30 06:10:50.138,1.96856,1.96894,1.19,1.19
2014.05.30 06:10:51.371,1.9686,1.96894,1.19,1.00
2014.05.30 06:10:51.878,1.96866,1.96902,1.00,1.19
2014.05.30 06:10:51.979,1.96866,1.96904,1.19,1.19
2014.05.30 06:10:52.996,1.96865,1.96905,1.19,1.25
2014.05.30 06:10:55.058,1.96865,1.96905,1.69,1.19
2014.05.30 06:10:56.080,1.9687,1.96905,1.19,1.00
2014.05.30 06:10:58.371,1.9687,1.96905,1.19,1.00
2014.05.30 06:10:59.677,1.9687,1.96905,1.19,1.00
2014.05.30 06:11:00.684,1.96868,1.96905,1.19,1.00
2014.05.30 06:11:01.574,1.96868,1.96904,1.19,1.00
2014.05.30 06:11:02.795,1.9687,1.96904,1.19,1.00
2014.05.30 06:11:03.336,1.96876,1.96904,1.34,1.00
2014.05.30 06:11:03.437,1.96876,1.96915,1.34,1.69
2014.05.30 06:11:04.078,1.96876,1.96904,1.34,1.00
2014.05.30 06:11:05.319,1.96872,1.96904,1.19,1.00
2014.05.30 06:11:06.333,1.9687,1.96904,1.29,1.00
2014.05.30 06:11:07.846,1.96875,1.96915,1.19,1.19
2014.05.30 06:11:07.947,1.96875,1.96915,1.19,1.19
2014.05.30 06:11:08.700,1.96871,1.96904,1.19,1.00
2014.05.30 06:11:09.494,1.96875,1.96915,1.19,1.19
2014.05.30 06:11:10.009,1.96875,1.96915,1.19,1.19
2014.05.30 06:11:11.854,1.96875,1.96915,1.19,1.19
2014.05.30 06:11:13.657,1.96875,1.96915,1.19,1.69
2014.05.30 06:11:14.968,1.96875,1.96915,1.25,1.19
2014.05.30 06:11:17.197,1.96875,1.96915,1.19,1.19
2014.05.30 06:11:17.605,1.96878,1.96915,1.19,1.00
2014.05.30 06:11:18.219,1.96878,1.96914,1.19,1.00
2014.05.30 06:11:19.668,1.96885,1.96925,1.25,1.19
2014.05.30 06:11:20.336,1.96885,1.96925,1.19,1.19
2014.05.30 06:11:22.201,1.96878,1.96914,1.19,1.00
2014.05.30 06:11:22.554,1.96886,1.96924,1.25,1.19
2014.05.30 06:11:23.070,1.96878,1.96924,1.19,1.19
2014.05.30 06:11:24.679,1.96877,1.96923,1.19,1.19
2014.05.30 06:11:26.660,1.96877,1.96923,1.19,1.69
2014.05.30 06:11:26.853,1.96876,1.96917,1.19,1.19
2014.05.30 06:11:28.610,1.96876,1.96914,1.19,1.19
2014.05.30 06:11:29.695,1.96876,1.96914,1.19,1.19
2014.05.30 06:11:33.408,1.96875,1.96915,1.19,1.19
2014.05.30 06:11:34.413,1.96876,1.96914,1.19,1.19
2014.05.30 06:11:35.619,1.96876,1.96922,1.69,1.19
2014.05.30 06:11:37.833,1.96873,1.96914,1.19,1.25
2014.05.30 06:11:39.341,1.96876,1.96919,1.19,1.19
2014.05.30 06:11:40.457,1.96879,1.96924,1.19,1.19
2014.05.30 06:11:41.532,1.96879,1.96914,1.19,1.00
2014.05.30 06:11:41.835,1.96884,1.96914,1.19,1.00
2014.05.30 06:11:41.886,1.96884,1.96924,1.19,1.19
2014.05.30 06:11:42.813,1.96889,1.96924,1.19,1.00
2014.05.30 06:11:43.071,1.96889,1.96935,1.19,1.69
2014.05.30 06:11:44.047,1.96889,1.96924,1.19,1.00
2014.05.30 06:11:44.097,1.96885,1.96924,1.19,1.00
2014.05.30 06:11:45.150,1.96884,1.96924,1.19,1.25
2014.05.30 06:11:45.638,1.96891,1.96935,1.19,1.69
2014.05.30 06:11:46.611,1.96896,1.96942,1.19,1.19
2014.05.30 06:11:47.148,1.96906,1.96942,1.00,1.19
2014.05.30 06:11:47.716,1.96906,1.96945,1.00,1.19
2014.05.30 06:11:48.279,1.96897,1.96945,1.29,1.69
2014.05.30 06:11:49.446,1.96905,1.96948,1.19,1.19
2014.05.30 06:11:50.316,1.96915,1.96948,1.00,1.19
2014.05.30 06:11:50.468,1.96915,1.96951,1.00,1.19
2014.05.30 06:11:50.881,1.96925,1.96953,1.00,1.19
2014.05.30 06:11:51.387,1.96926,1.96965,1.19,1.19
2014.05.30 06:11:52.416,1.96926,1.96964,1.19,1.00
2014.05.30 06:11:53.277,1.96922,1.96964,1.19,1.69
2014.05.30 06:11:53.378,1.96922,1.96954,1.19,1.00
2014.05.30 06:11:53.630,1.96916,1.9696,2.44,1.19
2014.05.30 06:11:54.299,1.96922,1.9696,1.19,1.25
2014.05.30 06:11:54.400,1.96918,1.96954,1.19,1.00
2014.05.30 06:11:54.501,1.96911,1.96954,1.19,1.19
2014.05.30 06:11:57.504,1.96917,1.96952,1.19,1.25
2014.05.30 06:11:58.636,1.96917,1.96952,1.00,1.69
2014.05.30 06:12:00.122,1.96917,1.96951,1.00,1.19
2014.05.30 06:12:03.402,1.96917,1.96951,1.00,1.69
2014.05.30 06:12:04.407,1.96917,1.96951,1.00,1.19
2014.05.30 06:12:05.417,1.96916,1.96951,1.50,1.19
2014.05.30 06:12:05.532,1.96916,1.96951,1.00,1.19
2014.05.30 06:12:06.080,1.96915,1.96951,1.50,1.19
2014.05.30 06:12:06.939,1.96915,1.96951,1.69,1.19
2014.05.30 06:12:07.599,1.96925,1.96951,1.00,1.19
2014.05.30 06:12:07.650,1.96925,1.96962,1.00,1.19
2014.05.30 06:12:09.528,1.96925,1.96961,1.00,1.19
2014.05.30 06:12:09.579,1.96916,1.96961,1.69,1.19
2014.05.30 06:12:10.241,1.96916,1.96952,1.69,1.00
2014.05.30 06:12:10.850,1.96916,1.96953,1.19,1.00
2014.05.30 06:12:10.933,1.96915,1.96953,1.69,1.19
2014.05.30 06:12:14.948,1.96915,1.96953,1.69,1.19
2014.05.30 06:12:16.000,1.96916,1.96951,1.25,1.19
2014.05.30 06:12:17.064,1.96916,1.96952,1.19,1.25
2014.05.30 06:12:17.578,1.96926,1.96952,1.00,1.25
2014.05.30 06:12:18.346,1.96925,1.96959,1.00,1.19
2014.05.30 06:12:19.692,1.96925,1.96962,1.00,1.19
2014.05.30 06:12:20.216,1.96926,1.96962,1.00,1.19
2014.05.30 06:12:20.327,1.96916,1.96955,1.19,1.25
2014.05.30 06:12:20.474,1.96926,1.96962,1.00,1.19
2014.05.30 06:12:21.081,1.96926,1.96963,1.00,1.19
2014.05.30 06:12:21.807,1.96926,1.96962,1.00,1.19
2014.05.30 06:12:24.038,1.96916,1.96954,1.19,1.00
2014.05.30 06:12:24.394,1.96924,1.96955,1.00,1.19
2014.05.30 06:12:24.706,1.96926,1.96961,1.00,1.19
2014.05.30 06:12:25.475,1.96917,1.96955,1.19,1.19
2014.05.30 06:12:25.800,1.96925,1.96961,1.00,1.19
2014.05.30 06:12:26.228,1.96925,1.96964,1.00,1.19
2014.05.30 06:12:26.481,1.96916,1.96954,1.69,1.00
2014.05.30 06:12:28.546,1.96926,1.96961,1.00,1.19
2014.05.30 06:12:30.923,1.96926,1.96964,1.19,1.69
2014.05.30 06:12:31.425,1.96935,1.96963,1.00,1.19
2014.05.30 06:12:32.081,1.96935,1.96965,1.00,1.19
2014.05.30 06:12:32.426,1.96926,1.96964,1.69,1.19
2014.05.30 06:12:33.587,1.96926,1.96964,1.50,2.44
2014.05.30 06:12:34.591,1.96926,1.96961,1.00,1.19
2014.05.30 06:12:35.797,1.96926,1.96962,1.00,1.19
2014.05.30 06:12:38.907,1.96916,1.96961,1.19,1.19
2014.05.30 06:12:39.008,1.96916,1.96954,1.19,1.00
2014.05.30 06:12:39.995,1.96915,1.96951,1.19,1.00
2014.05.30 06:12:40.217,1.96913,1.96951,1.69,1.00
2014.05.30 06:12:41.213,1.96913,1.9695,1.69,1.00
2014.05.30 06:12:41.472,1.96913,1.9695,1.19,1.25
2014.05.30 06:12:42.443,1.96923,1.96953,1.19,1.00
2014.05.30 06:12:42.625,1.96925,1.96962,1.00,1.69
2014.05.30 06:12:43.662,1.96925,1.96962,1.00,1.19
2014.05.30 06:12:43.836,1.96923,1.96955,1.19,1.00
2014.05.30 06:12:44.066,1.96917,1.96962,1.69,1.19
2014.05.30 06:12:44.218,1.96917,1.96953,1.19,1.00
2014.05.30 06:12:44.832,1.96917,1.96954,1.19,1.00
2014.05.30 06:12:45.087,1.96915,1.96954,1.19,1.19
2014.05.30 06:12:46.164,1.96915,1.96952,1.19,1.19
2014.05.30 06:12:48.376,1.96915,1.96953,1.19,1.19
2014.05.30 06:12:51.591,1.96916,1.96951,1.25,1.19
2014.05.30 06:12:53.000,1.96916,1.96952,1.19,1.19
2014.05.30 06:12:54.308,1.96916,1.96956,1.25,1.19
2014.05.30 06:12:55.464,1.96916,1.96957,1.19,1.19
2014.05.30 06:12:57.524,1.96916,1.96957,1.19,1.19
2014.05.30 06:12:58.595,1.96916,1.96957,1.19,1.19
2014.05.30 06:12:59.882,1.96916,1.96959,1.19,1.19
2014.05.30 06:13:00.873,1.96916,1.9696,1.19,1.19
2014.05.30 06:13:03.684,1.96916,1.96957,1.19,1.19
2014.05.30 06:13:04.889,1.96915,1.96961,1.69,1.19
2014.05.30 06:13:08.904,1.96915,1.96961,1.19,1.19
2014.05.30 06:13:11.518,1.96916,1.96961,1.19,1.69
2014.05.30 06:13:12.648,1.96916,1.96962,1.19,1.69
2014.05.30 06:13:19.910,1.96916,1.96961,1.19,1.19
2014.05.30 06:13:20.901,1.96916,1.96959,1.19,1.19
2014.05.30 06:13:23.279,1.96916,1.96959,1.19,1.19
2014.05.30 06:13:25.085,1.96916,1.96961,1.19,1.19
2014.05.30 06:13:26.093,1.9691,1.96955,1.19,1.19
2014.05.30 06:13:29.815,1.96906,1.9695,1.19,1.19
2014.05.30 06:13:30.811,1.96906,1.96952,1.19,1.69
2014.05.30 06:13:31.915,1.96906,1.96951,1.19,1.19
2014.05.30 06:13:32.920,1.96906,1.96947,1.19,1.19
2014.05.30 06:13:34.324,1.96908,1.96952,1.19,1.19
2014.05.30 06:13:36.091,1.96906,1.96951,1.19,1.19
2014.05.30 06:13:37.091,1.96906,1.96949,1.19,1.19
2014.05.30 06:13:40.467,1.96906,1.96947,1.19,1.19
2014.05.30 06:13:41.505,1.96906,1.96949,1.19,1.29
2014.05.30 06:13:43.277,1.96906,1.96945,1.00,1.19
2014.05.30 06:13:44.282,1.96906,1.9695,1.19,1.37
2014.05.30 06:13:46.891,1.96906,1.96943,1.25,1.19
2014.05.30 06:13:48.096,1.96906,1.96943,1.19,1.19
2014.05.30 06:13:49.804,1.96906,1.96943,1.19,1.19
2014.05.30 06:13:50.957,1.96906,1.96943,1.19,1.19
2014.05.30 06:13:52.035,1.96906,1.96943,1.19,1.19
2014.05.30 06:13:54.121,1.96906,1.96943,1.19,1.19
2014.05.30 06:13:56.647,1.96905,1.96943,1.25,1.19
2014.05.30 06:13:58.193,1.96905,1.96943,1.19,1.19
2014.05.30 06:14:01.265,1.96905,1.96943,1.00,1.19
2014.05.30 06:14:02.084,1.96906,1.9694,1.00,1.19
2014.05.30 06:14:02.372,1.96906,1.9694,1.00,1.19
2014.05.30 06:14:04.064,1.96905,1.9694,1.00,1.19
2014.05.30 06:14:04.190,1.96905,1.96943,1.00,1.69
2014.05.30 06:14:05.182,1.96905,1.96942,1.00,1.19
2014.05.30 06:14:06.829,1.96905,1.96942,1.00,1.19
2014.05.30 06:14:09.198,1.96905,1.9694,1.00,1.19
2014.05.30 06:14:09.344,1.96895,1.96935,1.19,1.19
2014.05.30 06:14:10.406,1.96895,1.96935,1.19,1.19
2014.05.30 06:14:13.524,1.96905,1.96939,1.00,1.19
2014.05.30 06:14:15.944,1.96905,1.96939,1.00,1.19
2014.05.30 06:14:17.249,1.96905,1.96941,1.00,1.69
2014.05.30 06:14:21.624,1.96895,1.96935,1.19,1.19
2014.05.30 06:14:22.277,1.96895,1.96935,1.19,1.19
2014.05.30 06:14:22.833,1.96906,1.96941,1.00,1.19
2014.05.30 06:14:23.166,1.96896,1.96934,1.19,1.19
2014.05.30 06:14:24.679,1.96896,1.96934,1.19,1.19
2014.05.30 06:14:25.824,1.96889,1.96934,1.19,1.19
2014.05.30 06:14:26.428,1.96885,1.96928,1.19,1.69
2014.05.30 06:14:27.799,1.96885,1.96928,1.19,1.19
2014.05.30 06:14:29.012,1.96885,1.96928,1.19,1.19
2014.05.30 06:14:30.576,1.96885,1.96928,1.19,1.19
2014.05.30 06:14:31.843,1.96888,1.96933,1.19,1.19
2014.05.30 06:14:32.345,1.96896,1.96933,1.00,1.19
2014.05.30 06:14:33.881,1.96896,1.96932,1.19,1.19
2014.05.30 06:14:34.403,1.96915,1.96943,1.00,1.19
2014.05.30 06:14:34.605,1.96908,1.96954,1.19,1.19
2014.05.30 06:14:34.908,1.96908,1.96942,1.19,1.00
2014.05.30 06:14:35.009,1.96898,1.96942,1.19,1.19
2014.05.30 06:14:35.060,1.96916,1.96942,1.00,1.19
2014.05.30 06:14:36.063,1.96916,1.96949,1.00,1.19
2014.05.30 06:14:36.574,1.96916,1.96954,1.19,1.69
2014.05.30 06:14:36.624,1.96926,1.96954,1.00,1.19
2014.05.30 06:14:37.793,1.96916,1.96954,1.19,1.19
2014.05.30 06:14:41.031,1.96915,1.96955,1.69,1.19
2014.05.30 06:14:41.333,1.96926,1.96961,1.00,1.29
2014.05.30 06:14:41.671,1.96915,1.96961,1.69,1.29
2014.05.30 06:14:42.395,1.96917,1.96965,1.19,1.84
2014.05.30 06:14:43.073,1.96926,1.96964,1.00,1.37
2014.05.30 06:14:44.223,1.96926,1.96964,1.19,1.19
2014.05.30 06:14:47.084,1.96915,1.9696,1.69,1.19
2014.05.30 06:14:48.341,1.96916,1.96959,1.19,2.59
2014.05.30 06:14:49.444,1.96916,1.96957,1.19,1.29
2014.05.30 06:14:50.550,1.9691,1.96954,1.19,1.19
2014.05.30 06:14:51.656,1.96909,1.96954,1.19,1.19
2014.05.30 06:14:52.804,1.96914,1.96954,1.19,1.19
2014.05.30 06:14:56.503,1.96913,1.96954,1.19,1.19
2014.05.30 06:14:57.606,1.96912,1.96954,1.19,1.19
2014.05.30 06:14:58.345,1.96912,1.96945,1.19,1.00
2014.05.30 06:15:00.033,1.96906,1.96945,1.19,1.00
2014.05.30 06:15:00.323,1.96906,1.96935,1.19,1.00
2014.05.30 06:15:00.526,1.96906,1.96944,1.69,1.00
2014.05.30 06:15:01.356,1.96906,1.96944,1.19,1.19
2014.05.30 06:15:03.449,1.96907,1.96952,1.19,1.19
2014.05.30 06:15:04.568,1.96902,1.96945,1.69,1.19
2014.05.30 06:15:04.971,1.96903,1.96945,1.19,1.00
2014.05.30 06:15:05.176,1.96898,1.96944,1.00,1.00
2014.05.30 06:15:05.675,1.96901,1.96945,1.00,1.00
2014.05.30 06:15:08.092,1.96901,1.96945,1.69,1.25
2014.05.30 06:15:10.245,1.96901,1.96945,1.00,1.00
2014.05.30 06:15:10.838,1.96901,1.96944,1.00,1.00
2014.05.30 06:15:12.871,1.96901,1.96945,1.00,1.00
2014.05.30 06:15:14.953,1.96906,1.96951,1.00,1.00
2014.05.30 06:15:15.169,1.96906,1.96951,1.08,1.00
2014.05.30 06:15:15.270,1.9691,1.96954,1.08,1.50
2014.05.30 06:15:17.045,1.9691,1.96954,1.00,1.00
2014.05.30 06:15:20.194,1.9691,1.96952,1.00,1.00
2014.05.30 06:15:24.504,1.9691,1.96954,1.00,1.50
2014.05.30 06:15:24.758,1.9691,1.96944,1.00,1.00
2014.05.30 06:15:24.865,1.9691,1.96954,1.00,1.50
2014.05.30 06:15:28.104,1.9691,1.96953,1.00,1.00
2014.05.30 06:15:29.358,1.96909,1.96953,1.00,1.00
2014.05.30 06:15:30.056,1.96909,1.96954,1.00,1.00
2014.05.30 06:15:34.360,1.96909,1.96944,1.00,1.00
2014.05.30 06:15:34.410,1.96907,1.96944,1.00,1.00
2014.05.30 06:15:34.935,1.96906,1.96944,1.25,1.00
2014.05.30 06:15:36.205,1.96908,1.96944,1.00,1.00
2014.05.30 06:15:37.075,1.96908,1.96945,1.00,1.00
2014.05.30 06:15:37.925,1.96919,1.96945,1.00,1.00
2014.05.30 06:15:38.412,1.96915,1.96945,1.00,1.00
2014.05.30 06:15:38.529,1.96911,1.96945,1.00,1.00
2014.05.30 06:15:38.731,1.96908,1.96944,1.00,1.00
2014.05.30 06:15:38.833,1.96908,1.96934,1.00,1.00
2014.05.30 06:15:39.388,1.96909,1.96934,1.00,1.00
2014.05.30 06:15:39.705,1.96906,1.96934,1.00,1.00
2014.05.30 06:15:42.105,1.96908,1.96934,1.00,1.00
2014.05.30 06:15:42.156,1.96908,1.96945,1.00,1.00
2014.05.30 06:15:43.127,1.96908,1.96944,1.00,1.00
2014.05.30 06:15:46.644,1.96908,1.96945,1.00,1.00
2014.05.30 06:15:46.904,1.96906,1.96945,1.00,1.00
2014.05.30 06:15:49.099,1.96906,1.96934,1.00,1.00
2014.05.30 06:15:51.963,1.9691,1.96934,1.00,1.00
2014.05.30 06:15:52.227,1.96907,1.96934,1.00,1.00
2014.05.30 06:15:52.278,1.96907,1.96945,1.00,1.00
2014.05.30 06:15:53.063,1.96909,1.96945,1.00,1.00
2014.05.30 06:15:54.383,1.96907,1.96945,1.00,1.00
2014.05.30 06:15:54.800,1.96907,1.96935,1.00,1.00
2014.05.30 06:15:54.902,1.96907,1.96945,1.00,1.00
2014.05.30 06:15:57.098,1.96907,1.96944,1.00,1.00
2014.05.30 06:15:57.149,1.96899,1.96944,1.00,1.00
2014.05.30 06:15:57.300,1.96899,1.96935,1.00,1.00
2014.05.30 06:15:57.613,1.96895,1.9693,1.00,1.00
2014.05.30 06:15:57.664,1.96885,1.96925,1.02,1.00
2014.05.30 06:16:00.583,1.96905,1.9693,1.00,1.00
2014.05.30 06:16:00.685,1.96906,1.96943,1.00,1.10
2014.05.30 06:16:00.736,1.96906,1.96945,1.00,1.00
2014.05.30 06:16:01.243,1.96906,1.96944,1.50,1.00
2014.05.30 06:16:11.479,1.96906,1.96944,1.69,1.00
2014.05.30 06:16:12.312,1.96915,1.96944,1.00,1.00
2014.05.30 06:16:14.333,1.96915,1.96935,1.00,1.00
2014.05.30 06:16:16.169,1.96903,1.96935,1.19,1.09
2014.05.30 06:16:16.315,1.96903,1.96935,1.00,1.09
2014.05.30 06:16:16.416,1.96908,1.96935,1.00,1.00
2014.05.30 06:16:16.718,1.96904,1.96935,1.00,1.00
2014.05.30 06:16:17.532,1.96904,1.96944,1.00,1.34
2014.05.30 06:16:17.592,1.96909,1.96944,1.00,1.34
2014.05.30 06:16:18.174,1.96908,1.96945,1.00,1.34
2014.05.30 06:16:18.698,1.96909,1.96945,1.00,1.34
2014.05.30 06:16:23.093,1.96908,1.96945,1.00,1.34
2014.05.30 06:16:26.794,1.96908,1.96945,1.00,1.09
2014.05.30 06:16:40.379,1.96909,1.96945,1.00,1.09
2014.05.30 06:16:43.675,1.96911,1.9695,1.00,1.84
2014.05.30 06:16:44.260,1.96911,1.96944,1.00,1.00
2014.05.30 06:16:47.533,1.96911,1.9695,1.00,1.84
2014.05.30 06:16:55.232,1.96913,1.9695,1.00,1.84
2014.05.30 06:16:57.188,1.96913,1.96954,1.00,1.00
2014.05.30 06:16:57.632,1.96917,1.96955,1.00,1.10
2014.05.30 06:16:57.953,1.96917,1.96955,1.00,1.15
2014.05.30 06:17:00.186,1.96915,1.96955,1.00,1.84
2014.05.30 06:17:02.642,1.96915,1.96934,1.00,1.00
2014.05.30 06:17:02.743,1.96907,1.96934,1.00,1.00
2014.05.30 06:17:02.947,1.96903,1.96935,1.00,1.00
2014.05.30 06:17:03.179,1.96898,1.96935,1.00,1.50
2014.05.30 06:17:03.332,1.96898,1.9693,1.00,1.84
2014.05.30 06:17:03.383,1.96892,1.96925,1.00,1.34
2014.05.30 06:17:03.576,1.96892,1.96925,1.00,1.00
2014.05.30 06:17:04.097,1.96893,1.96924,1.00,1.00
2014.05.30 06:17:04.148,1.96885,1.96924,1.00,1.34
2014.05.30 06:17:05.010,1.96888,1.96924,1.00,1.34
2014.05.30 06:17:18.341,1.96888,1.96933,1.00,1.34
2014.05.30 06:17:18.474,1.96891,1.96932,1.00,1.09
2014.05.30 06:17:20.514,1.96892,1.96934,1.00,1.84
2014.05.30 06:17:23.062,1.96891,1.96932,1.00,1.09
2014.05.30 06:17:31.624,1.96892,1.96934,1.00,1.84
2014.05.30 06:17:34.582,1.96892,1.96924,1.00,1.00
2014.05.30 06:17:34.843,1.96891,1.9693,1.00,1.00
2014.05.30 06:17:34.923,1.96893,1.96931,1.00,1.00
2014.05.30 06:17:35.353,1.96893,1.96925,1.00,1.00
2014.05.30 06:17:44.861,1.96893,1.96915,1.00,1.00
2014.05.30 06:17:44.962,1.96885,1.96915,1.00,1.00
2014.05.30 06:17:45.164,1.9688,1.96914,1.00,1.00
2014.05.30 06:17:45.921,1.96886,1.96914,1.00,1.00
2014.05.30 06:17:48.152,1.96876,1.96913,1.00,1.00
2014.05.30 06:17:48.203,1.96873,1.96913,1.00,1.00
2014.05.30 06:17:48.355,1.9688,1.96914,1.00,1.00
2014.05.30 06:17:48.659,1.9688,1.96904,1.00,1.00
2014.05.30 06:17:48.892,1.96878,1.96905,1.00,1.00
2014.05.30 06:17:49.634,1.96878,1.96915,1.00,1.00
2014.05.30 06:17:50.180,1.96877,1.96914,1.00,1.00
2014.05.30 06:17:51.790,1.96877,1.96915,1.00,1.00
2014.05.30 06:17:54.853,1.96877,1.96912,1.00,1.84
2014.05.30 06:17:54.954,1.96873,1.96904,1.00,1.00
2014.05.30 06:17:55.121,1.96873,1.96894,1.00,1.00
2014.05.30 06:17:55.171,1.96862,1.96894,1.00,1.00
2014.05.30 06:17:58.352,1.96847,1.96874,1.25,1.00
2014.05.30 06:17:58.453,1.96844,1.96874,1.65,1.00
2014.05.30 06:17:58.554,1.9684,1.96874,1.13,1.00
2014.05.30 06:17:58.755,1.96845,1.96876,1.00,1.00
2014.05.30 06:17:58.911,1.96835,1.9687,1.00,1.09
2014.05.30 06:17:59.439,1.96836,1.9687,1.00,1.09
2014.05.30 06:18:00.071,1.96829,1.9687,1.00,1.09
2014.05.30 06:18:00.841,1.96829,1.96865,1.00,1.00
2014.05.30 06:18:01.149,1.96826,1.96851,1.00,1.34
2014.05.30 06:18:01.300,1.96815,1.96851,1.00,1.34
2014.05.30 06:18:01.864,1.96825,1.96851,1.00,1.34
2014.05.30 06:18:02.383,1.96816,1.96851,1.00,1.34
2014.05.30 06:18:02.646,1.9681,1.96847,1.00,1.00
2014.05.30 06:18:03.811,1.9681,1.96845,1.00,1.00
2014.05.30 06:18:04.070,1.96806,1.96845,1.00,1.50
2014.05.30 06:18:04.121,1.96805,1.96831,1.00,1.00
2014.05.30 06:18:04.226,1.96815,1.96851,1.00,3.75
2014.05.30 06:18:04.276,1.96815,1.96845,1.00,1.84
2014.05.30 06:18:04.427,1.96801,1.96831,1.00,1.00
2014.05.30 06:18:04.478,1.96795,1.96831,1.00,1.00
2014.05.30 06:18:04.629,1.96786,1.96834,1.38,1.00
2014.05.30 06:18:05.161,1.96786,1.96834,1.00,1.00
2014.05.30 06:18:05.351,1.96795,1.96842,1.00,2.25
2014.05.30 06:18:06.158,1.96796,1.96838,1.00,1.53
2014.05.30 06:18:07.138,1.96795,1.96837,1.00,1.53
2014.05.30 06:18:07.341,1.96786,1.96835,1.00,1.00
2014.05.30 06:18:07.593,1.96795,1.96835,1.00,1.00
2014.05.30 06:18:08.098,1.96795,1.96847,1.00,1.19
2014.05.30 06:18:08.148,1.96795,1.9685,1.00,1.68
2014.05.30 06:18:08.692,1.96798,1.96838,1.00,1.00
2014.05.30 06:18:13.603,1.96806,1.96838,1.00,1.00
2014.05.30 06:18:13.906,1.96821,1.96844,1.00,1.00
2014.05.30 06:18:13.956,1.96821,1.96854,1.00,1.27
2014.05.30 06:18:15.172,1.96821,1.96861,1.00,1.19
2014.05.30 06:18:16.377,1.96821,1.96861,1.00,1.19
2014.05.30 06:18:20.501,1.96819,1.96861,1.00,1.19
2014.05.30 06:18:20.731,1.96821,1.96861,1.00,1.19
2014.05.30 06:18:21.224,1.96821,1.96861,1.00,1.19
2014.05.30 06:18:21.496,1.96815,1.96858,1.00,1.00
2014.05.30 06:18:21.546,1.96814,1.96855,1.00,1.00
2014.05.30 06:18:21.932,1.96816,1.96853,1.00,1.00
2014.05.30 06:18:22.456,1.9682,1.96859,1.00,1.19
2014.05.30 06:18:22.821,1.9682,1.96854,1.00,1.00
2014.05.30 06:18:23.400,1.9682,1.96859,1.00,1.19
2014.05.30 06:18:23.450,1.96824,1.96864,1.00,1.19
2014.05.30 06:18:23.696,1.9682,1.96859,1.00,1.19
2014.05.30 06:18:24.144,1.9682,1.96859,1.00,1.00
2014.05.30 06:18:26.950,1.96819,1.96857,1.00,1.00
2014.05.30 06:18:27.170,1.96815,1.96854,1.50,1.00
2014.05.30 06:18:27.661,1.96819,1.9686,1.00,1.19
2014.05.30 06:18:28.540,1.96826,1.9686,1.00,1.19
2014.05.30 06:18:28.590,1.96826,1.9686,1.00,1.25
2014.05.30 06:18:29.090,1.96819,1.9686,1.00,1.25
2014.05.30 06:18:32.217,1.96819,1.9686,1.00,1.19
2014.05.30 06:18:33.372,1.96819,1.9686,1.00,1.19
2014.05.30 06:18:33.603,1.96826,1.9686,1.00,1.19
2014.05.30 06:18:34.367,1.96826,1.96861,1.00,1.00
2014.05.30 06:18:40.929,1.96824,1.96861,1.00,1.00
2014.05.30 06:18:44.102,1.96825,1.96864,1.00,1.25
2014.05.30 06:18:45.057,1.96825,1.96864,1.00,1.19
2014.05.30 06:18:48.327,1.96825,1.96854,1.00,1.00
2014.05.30 06:18:48.630,1.96825,1.96864,1.00,1.69
2014.05.30 06:18:49.840,1.96825,1.96854,1.00,1.00
2014.05.30 06:18:49.899,1.96821,1.96854,1.00,1.00
2014.05.30 06:18:50.063,1.96821,1.96845,1.00,1.00
2014.05.30 06:18:50.119,1.96812,1.96845,1.00,1.00
2014.05.30 06:18:50.372,1.9682,1.96845,1.00,1.00
2014.05.30 06:18:50.423,1.9682,1.96854,1.00,1.00
2014.05.30 06:18:50.524,1.96814,1.96853,1.00,1.00
2014.05.30 06:18:57.712,1.9681,1.96851,1.00,1.00
2014.05.30 06:19:07.319,1.96815,1.96851,1.00,1.00
2014.05.30 06:19:07.437,1.96822,1.96863,1.00,1.29
2014.05.30 06:19:08.123,1.96822,1.96863,1.00,1.19
2014.05.30 06:19:09.127,1.96822,1.96863,1.00,1.00
2014.05.30 06:19:22.060,1.96826,1.96863,1.00,1.00
2014.05.30 06:19:23.381,1.96822,1.96863,1.00,1.00
2014.05.30 06:19:23.599,1.96826,1.96863,1.00,1.00
2014.05.30 06:19:27.930,1.96822,1.96863,1.00,1.00
2014.05.30 06:19:28.409,1.96826,1.96864,1.00,1.00
2014.05.30 06:19:28.460,1.96826,1.96866,1.50,1.25
2014.05.30 06:19:28.619,1.96828,1.96867,1.00,1.19
2014.05.30 06:19:29.259,1.96828,1.96867,1.00,1.00
2014.05.30 06:19:30.271,1.96827,1.96866,1.00,1.00
2014.05.30 06:19:30.585,1.96826,1.96864,1.50,1.00
2014.05.30 06:19:32.909,1.96833,1.96871,1.00,4.43
2014.05.30 06:19:33.561,1.96833,1.96871,1.00,4.43
2014.05.30 06:19:36.777,1.96833,1.96871,1.00,4.43
2014.05.30 06:19:38.086,1.96833,1.9687,1.00,2.18
2014.05.30 06:19:42.527,1.96833,1.96871,1.00,2.74
2014.05.30 06:19:42.577,1.96833,1.96864,1.00,1.00
2014.05.30 06:19:42.938,1.96826,1.96864,1.00,1.00
2014.05.30 06:19:46.110,1.96827,1.96865,1.00,1.19
2014.05.30 06:19:46.480,1.96829,1.96865,1.00,1.19
2014.05.30 06:19:46.789,1.96833,1.9687,1.00,1.35
2014.05.30 06:19:46.960,1.96833,1.9687,1.00,1.17
2014.05.30 06:19:47.112,1.96837,1.96874,1.00,2.03
2014.05.30 06:19:47.162,1.96837,1.96874,1.00,1.19
2014.05.30 06:19:47.758,1.96835,1.96875,1.00,1.19
2014.05.30 06:19:47.809,1.96835,1.96875,1.00,1.53
2014.05.30 06:19:48.082,1.96833,1.96875,1.00,1.90
2014.05.30 06:19:48.133,1.96837,1.96875,1.00,1.57
2014.05.30 06:19:48.234,1.96835,1.96875,1.00,1.19
2014.05.30 06:19:49.098,1.96835,1.96878,1.50,1.35
2014.05.30 06:19:51.070,1.96835,1.96878,1.50,1.35
2014.05.30 06:19:53.079,1.96835,1.96878,1.50,1.35
2014.05.30 06:19:54.778,1.96835,1.96874,1.00,1.00
2014.05.30 06:19:54.829,1.96831,1.96872,1.00,1.00
2014.05.30 06:19:55.439,1.96836,1.96872,1.00,1.00
2014.05.30 06:19:57.558,1.96836,1.96872,1.00,1.08
2014.05.30 06:19:57.985,1.96836,1.96872,1.00,1.00
2014.05.30 06:19:59.361,1.96836,1.96872,1.00,1.33
2014.05.30 06:19:59.619,1.96831,1.96872,1.00,1.09
2014.05.30 06:20:01.152,1.96831,1.96872,1.00,1.37
2014.05.30 06:20:01.747,1.9683,1.96871,1.00,1.19
2014.05.30 06:20:04.130,1.96835,1.96873,1.00,1.19
2014.05.30 06:20:04.620,1.96832,1.96873,1.00,1.19
2014.05.30 06:20:05.391,1.96834,1.96874,1.00,1.27
2014.05.30 06:20:05.699,1.96821,1.96864,1.00,1.00
2014.05.30 06:20:05.751,1.96821,1.96864,1.00,1.19
2014.05.30 06:20:06.054,1.96828,1.96858,1.00,1.00
2014.05.30 06:20:06.155,1.96817,1.96858,1.00,1.00
2014.05.30 06:20:06.697,1.96817,1.96857,1.00,1.00
2014.05.30 06:20:06.747,1.96817,1.96854,1.00,1.00
2014.05.30 06:20:11.467,1.96817,1.9686,1.00,1.25
2014.05.30 06:20:11.672,1.96817,1.96854,1.00,1.00
2014.05.30 06:20:14.123,1.96825,1.96854,1.00,1.00
2014.05.30 06:20:14.513,1.96837,1.96865,1.00,1.00
2014.05.30 06:20:15.193,1.96837,1.96867,1.00,1.00
2014.05.30 06:20:20.412,1.96837,1.96854,1.00,1.00
2014.05.30 06:20:20.462,1.96822,1.96854,1.00,1.00
2014.05.30 06:20:20.664,1.96816,1.96854,1.00,1.00
2014.05.30 06:20:20.916,1.96814,1.96854,1.00,1.00
2014.05.30 06:20:20.967,1.96814,1.96851,1.00,1.00
2014.05.30 06:20:21.269,1.96812,1.96844,1.00,1.00
2014.05.30 06:20:21.394,1.96812,1.9685,1.00,1.00
2014.05.30 06:20:21.445,1.96816,1.96851,1.00,1.00
2014.05.30 06:20:21.940,1.96816,1.96853,1.00,1.00
2014.05.30 06:20:23.040,1.96816,1.96851,1.00,1.00
2014.05.30 06:20:24.131,1.96816,1.96835,1.00,1.00
2014.05.30 06:20:24.181,1.96811,1.96835,1.00,1.00
2014.05.30 06:20:24.500,1.96803,1.96836,1.00,1.00
2014.05.30 06:20:25.253,1.96803,1.96841,1.00,1.00
2014.05.30 06:20:26.256,1.96803,1.96839,1.00,1.00
2014.05.30 06:20:27.793,1.96803,1.96844,1.00,1.00
2014.05.30 06:20:27.944,1.96808,1.96844,1.00,1.00
2014.05.30 06:20:28.095,1.96808,1.96854,1.00,1.69
2014.05.30 06:20:28.146,1.9681,1.96854,1.00,1.19
2014.05.30 06:20:28.197,1.9681,1.96854,1.00,1.19
2014.05.30 06:20:28.247,1.96815,1.96854,1.00,1.69
2014.05.30 06:20:28.681,1.96812,1.96853,1.00,1.25
2014.05.30 06:20:29.339,1.96811,1.96848,1.00,1.00
2014.05.30 06:20:29.810,1.96811,1.96845,1.00,1.00
2014.05.30 06:20:30.321,1.96811,1.96844,1.00,1.00
2014.05.30 06:20:30.840,1.96811,1.96845,1.00,1.00
2014.05.30 06:20:30.891,1.96801,1.96845,1.00,1.50
2014.05.30 06:20:31.042,1.96806,1.96845,1.00,1.00
2014.05.30 06:20:31.359,1.9681,1.96849,1.00,1.34
2014.05.30 06:20:31.695,1.96811,1.96845,1.00,1.00
2014.05.30 06:20:32.029,1.96811,1.96848,1.00,1.00
2014.05.30 06:20:34.339,1.96811,1.96844,1.00,1.00
2014.05.30 06:20:35.342,1.96816,1.96848,1.00,1.00
2014.05.30 06:20:35.392,1.96816,1.96852,1.00,1.00
2014.05.30 06:20:35.644,1.96821,1.96858,1.00,1.00
2014.05.30 06:20:36.114,1.96821,1.96855,1.00,1.00
2014.05.30 06:20:36.366,1.96821,1.96858,1.00,1.00
2014.05.30 06:20:36.417,1.96827,1.96865,1.00,1.34
2014.05.30 06:20:36.619,1.96827,1.96865,1.00,1.00
2014.05.30 06:20:37.722,1.96831,1.96865,1.00,1.00
2014.05.30 06:20:37.772,1.96831,1.96868,1.00,1.00
2014.05.30 06:20:37.874,1.96831,1.96865,1.00,1.00
2014.05.30 06:20:37.975,1.96831,1.96868,1.00,1.00
2014.05.30 06:20:38.189,1.96825,1.96864,1.50,1.00
2014.05.30 06:20:39.289,1.96826,1.96864,1.00,1.00
2014.05.30 06:20:39.805,1.96825,1.96864,1.00,1.50
2014.05.30 06:20:40.889,1.96823,1.96862,1.00,1.00
2014.05.30 06:20:44.163,1.96825,1.96862,1.00,1.00
2014.05.30 06:20:44.466,1.96836,1.96868,1.00,1.00
2014.05.30 06:20:44.849,1.96837,1.96883,1.00,3.15
2014.05.30 06:20:45.152,1.96836,1.96881,1.00,1.00
2014.05.30 06:20:45.203,1.96838,1.9689,1.00,1.90
2014.05.30 06:20:45.724,1.96839,1.96884,1.00,1.19
2014.05.30 06:20:46.353,1.96839,1.96884,1.00,1.25
2014.05.30 06:20:46.833,1.96837,1.96884,1.00,1.25
2014.05.30 06:20:48.093,1.96837,1.96874,1.00,1.09
2014.05.30 06:20:48.396,1.96833,1.9687,1.00,1.00
2014.05.30 06:20:50.410,1.96835,1.9687,1.00,1.00
2014.05.30 06:20:50.461,1.96837,1.96885,1.00,1.90
2014.05.30 06:20:50.729,1.96833,1.96879,1.00,1.00
2014.05.30 06:20:51.041,1.96838,1.96883,1.00,1.19
2014.05.30 06:20:51.091,1.96838,1.96883,1.00,1.00
2014.05.30 06:20:51.142,1.96841,1.96882,1.00,1.00
2014.05.30 06:20:51.445,1.96866,1.96882,1.00,1.00
2014.05.30 06:20:51.495,1.96866,1.96905,1.00,1.38
2014.05.30 06:20:51.697,1.96868,1.96913,1.00,1.38
2014.05.30 06:20:52.000,1.96873,1.96914,1.00,1.88
2014.05.30 06:20:52.050,1.96873,1.96905,1.00,1.00
2014.05.30 06:20:52.619,1.96872,1.96905,1.00,1.00
2014.05.30 06:20:53.802,1.96872,1.96904,1.00,1.00
2014.05.30 06:20:54.385,1.96872,1.96911,1.00,1.00
2014.05.30 06:20:57.564,1.96874,1.96911,1.00,1.00
2014.05.30 06:20:58.519,1.96873,1.9691,1.00,1.00
2014.05.30 06:21:00.818,1.96873,1.9691,1.00,1.34
2014.05.30 06:21:02.095,1.96873,1.96904,1.00,1.00
2014.05.30 06:21:02.728,1.96872,1.96904,1.00,1.00
2014.05.30 06:21:02.818,1.96872,1.96909,1.00,1.34
2014.05.30 06:21:03.157,1.96876,1.96914,1.00,2.59
2014.05.30 06:21:03.258,1.96874,1.96913,1.00,1.34
2014.05.30 06:21:03.809,1.96875,1.96904,1.00,1.00
2014.05.30 06:21:04.068,1.96875,1.96912,1.00,1.34
2014.05.30 06:21:04.573,1.96874,1.96911,1.00,1.34
2014.05.30 06:21:06.858,1.96874,1.96905,1.00,1.00
2014.05.30 06:21:07.441,1.96873,1.96905,1.00,1.00
2014.05.30 06:21:07.899,1.96874,1.96911,1.00,1.53
2014.05.30 06:21:09.410,1.96872,1.96911,1.00,1.53
2014.05.30 06:21:10.838,1.96873,1.96912,1.00,1.59
2014.05.30 06:21:13.918,1.96874,1.96908,1.00,1.34
2014.05.30 06:21:14.028,1.96872,1.96908,1.00,1.34
2014.05.30 06:21:14.575,1.96871,1.96908,1.00,1.34
2014.05.30 06:21:14.928,1.96873,1.9691,1.00,1.34
2014.05.30 06:21:15.260,1.96876,1.96913,1.00,1.34
2014.05.30 06:21:15.991,1.96875,1.96913,1.00,1.34
2014.05.30 06:21:17.465,1.96871,1.9691,1.00,1.34
2014.05.30 06:21:18.102,1.96872,1.96911,1.00,1.34
2014.05.30 06:21:18.471,1.96874,1.96911,1.00,1.47
2014.05.30 06:21:19.838,1.96876,1.96911,1.00,1.47
2014.05.30 06:21:27.648,1.96874,1.96911,1.00,1.84
2014.05.30 06:21:28.490,1.96872,1.96911,1.00,1.84
2014.05.30 06:21:29.578,1.96872,1.96911,1.00,1.00
2014.05.30 06:21:29.679,1.96885,1.96904,1.00,1.00
2014.05.30 06:21:29.990,1.96872,1.9689,1.00,1.00
2014.05.30 06:21:30.041,1.96866,1.96904,1.50,1.00
2014.05.30 06:21:30.246,1.96866,1.96902,1.00,1.00
2014.05.30 06:21:31.042,1.96865,1.96902,1.50,1.00
2014.05.30 06:21:31.453,1.96866,1.96893,1.00,1.00
2014.05.30 06:21:31.848,1.96865,1.96898,1.00,1.00
2014.05.30 06:21:32.625,1.96846,1.96888,1.19,1.00
2014.05.30 06:21:32.877,1.96843,1.96895,1.34,1.50
2014.05.30 06:21:33.080,1.96843,1.96895,1.15,2.03
2014.05.30 06:21:33.382,1.9684,1.96884,1.23,1.00
2014.05.30 06:21:33.938,1.96837,1.96878,1.47,1.00
2014.05.30 06:21:34.928,1.9683,1.96875,1.64,1.00
2014.05.30 06:21:34.979,1.96829,1.96875,2.14,1.00
2014.05.30 06:21:35.194,1.96834,1.96878,1.00,1.00
2014.05.30 06:21:35.245,1.96834,1.96875,1.00,1.00
2014.05.30 06:21:35.606,1.96838,1.96875,1.00,1.00
2014.05.30 06:21:37.348,1.96839,1.96875,1.00,1.00
2014.05.30 06:21:38.518,1.96839,1.96883,1.00,1.00
2014.05.30 06:21:39.438,1.96841,1.96883,1.00,1.00
2014.05.30 06:21:47.543,1.96845,1.96883,1.00,1.00
2014.05.30 06:21:47.855,1.96848,1.96887,1.00,1.19
2014.05.30 06:21:49.129,1.96841,1.96883,1.00,1.00
2014.05.30 06:21:54.178,1.96842,1.96884,1.00,1.50
2014.05.30 06:22:00.166,1.96836,1.9688,1.50,1.00
2014.05.30 06:22:00.414,1.96836,1.96879,1.50,1.08
2014.05.30 06:22:00.718,1.96829,1.96871,1.00,1.28
2014.05.30 06:22:00.819,1.96829,1.96871,1.00,1.43
2014.05.30 06:22:01.124,1.96826,1.96865,1.50,1.00
2014.05.30 06:22:02.878,1.96819,1.96861,1.00,1.00
2014.05.30 06:22:06.097,1.96819,1.96854,1.00,1.00
2014.05.30 06:22:06.317,1.96819,1.96861,1.00,1.00
2014.05.30 06:22:07.857,1.96819,1.96854,1.00,1.00
2014.05.30 06:22:14.347,1.96819,1.96863,1.00,1.00
2014.05.30 06:22:15.866,1.96816,1.96859,1.50,1.00
2014.05.30 06:22:16.231,1.96816,1.96854,1.00,1.00
2014.05.30 06:22:18.817,1.96814,1.96854,1.43,1.00
2014.05.30 06:22:23.807,1.96814,1.96855,1.43,1.00
2014.05.30 06:22:24.029,1.96816,1.96856,1.00,1.00
2014.05.30 06:22:25.567,1.96815,1.96856,1.43,1.00
2014.05.30 06:22:30.262,1.96815,1.96857,1.50,1.00
2014.05.30 06:22:30.959,1.96815,1.96858,1.00,1.00
2014.05.30 06:22:34.177,1.96816,1.96859,1.00,1.00
2014.05.30 06:22:37.447,1.96825,1.96859,1.00,1.00
2014.05.30 06:22:38.908,1.96825,1.96863,1.00,1.00
2014.05.30 06:22:41.304,1.96824,1.96863,1.00,1.35
2014.05.30 06:22:41.456,1.9682,1.96861,1.00,1.19
2014.05.30 06:22:41.506,1.9682,1.96861,1.00,1.27
2014.05.30 06:22:41.608,1.9682,1.96861,1.00,1.19
2014.05.30 06:22:41.659,1.96816,1.96855,1.50,1.09
2014.05.30 06:22:41.962,1.96816,1.96847,1.00,1.00
2014.05.30 06:22:42.148,1.96816,1.96851,1.00,1.00
2014.05.30 06:22:45.657,1.96816,1.96853,1.50,1.00
2014.05.30 06:22:49.163,1.9682,1.96857,1.00,1.00
2014.05.30 06:22:49.365,1.96816,1.96855,1.50,1.00
2014.05.30 06:22:49.612,1.96821,1.96859,1.00,1.00
2014.05.30 06:22:49.914,1.96835,1.96875,1.00,1.00
2014.05.30 06:22:50.065,1.96839,1.96875,1.88,1.00
2014.05.30 06:22:50.201,1.96853,1.96876,1.00,1.00
2014.05.30 06:22:50.253,1.96839,1.96876,1.00,1.00
2014.05.30 06:22:50.304,1.96845,1.96876,1.00,1.00
2014.05.30 06:22:50.368,1.96845,1.96878,1.00,1.00
2014.05.30 06:22:50.470,1.96845,1.96882,1.00,1.09
2014.05.30 06:22:50.974,1.96846,1.96883,1.00,1.00
2014.05.30 06:22:51.510,1.96845,1.96883,1.00,1.00
2014.05.30 06:22:51.670,1.96849,1.96886,1.00,1.00
2014.05.30 06:22:52.057,1.96856,1.96886,1.00,1.00
2014.05.30 06:22:52.208,1.96856,1.96889,1.00,1.13
2014.05.30 06:22:52.309,1.96856,1.96894,1.00,1.25
2014.05.30 06:22:52.826,1.96857,1.96894,1.00,1.00
2014.05.30 06:22:52.877,1.96863,1.969,1.00,1.00
2014.05.30 06:22:53.193,1.96857,1.96894,1.00,1.00
2014.05.30 06:22:54.410,1.96862,1.96901,1.00,1.00
2014.05.30 06:22:54.890,1.96866,1.96901,1.00,1.00
2014.05.30 06:22:55.371,1.96866,1.96898,1.00,1.00
2014.05.30 06:22:55.702,1.96866,1.96901,1.00,1.00
2014.05.30 06:22:56.181,1.96872,1.96915,1.00,1.19
2014.05.30 06:22:56.399,1.96872,1.96915,1.00,1.00
2014.05.30 06:22:57.126,1.96869,1.96909,1.00,1.00
2014.05.30 06:22:57.429,1.96868,1.96903,1.00,1.00
2014.05.30 06:22:57.480,1.96868,1.96907,1.00,1.00
2014.05.30 06:22:57.637,1.96876,1.96907,1.00,1.00
2014.05.30 06:22:58.028,1.96888,1.96924,1.00,1.19
2014.05.30 06:22:58.769,1.96888,1.96932,1.00,1.69
2014.05.30 06:22:59.688,1.96893,1.96935,1.00,1.19
2014.05.30 06:22:59.807,1.96893,1.96935,1.00,1.00
2014.05.30 06:23:00.108,1.96897,1.96934,1.00,1.00
2014.05.30 06:23:00.657,1.96898,1.96935,1.00,1.00
2014.05.30 06:23:00.991,1.969,1.96934,1.00,1.00
2014.05.30 06:23:01.502,1.96899,1.96934,1.00,1.00
2014.05.30 06:23:02.823,1.96899,1.96935,1.00,1.00
2014.05.30 06:23:03.202,1.96896,1.96935,1.00,1.00
2014.05.30 06:23:03.403,1.96902,1.96935,1.00,1.00
2014.05.30 06:23:03.655,1.96899,1.96935,1.00,1.00
2014.05.30 06:23:03.766,1.96901,1.96935,1.00,1.00
2014.05.30 06:23:03.816,1.96901,1.96944,1.00,1.00
2014.05.30 06:23:04.128,1.96901,1.96934,1.00,1.00
2014.05.30 06:23:04.726,1.969,1.96935,1.00,1.00
2014.05.30 06:23:05.226,1.969,1.96944,1.00,1.00
2014.05.30 06:23:08.126,1.96903,1.96945,1.00,1.84
2014.05.30 06:23:08.640,1.96904,1.96944,1.00,1.00
2014.05.30 06:23:09.445,1.96904,1.96945,1.00,1.09
2014.05.30 06:23:09.697,1.96896,1.96944,1.50,1.00
2014.05.30 06:23:10.120,1.96899,1.96944,1.00,1.00
2014.05.30 06:23:10.461,1.96904,1.96944,1.00,1.00
2014.05.30 06:23:10.642,1.96905,1.96954,1.00,1.13
2014.05.30 06:23:12.203,1.96905,1.96955,1.00,1.00
2014.05.30 06:23:12.418,1.96916,1.9696,1.00,1.29
2014.05.30 06:23:12.720,1.96916,1.96961,1.00,1.00
2014.05.30 06:23:13.227,1.96915,1.96963,1.00,1.00
2014.05.30 06:23:13.628,1.96915,1.9696,1.00,1.00
2014.05.30 06:23:14.115,1.96908,1.96954,1.00,1.00
2014.05.30 06:23:14.990,1.96909,1.96953,1.00,1.00
2014.05.30 06:23:15.040,1.96909,1.96953,1.19,1.00
2014.05.30 06:23:15.524,1.96908,1.96951,1.19,1.00
2014.05.30 06:23:15.625,1.96905,1.96949,1.50,1.00
2014.05.30 06:23:15.936,1.96905,1.96946,1.50,1.00
2014.05.30 06:23:16.438,1.96905,1.96947,1.00,1.00
2014.05.30 06:23:16.907,1.96916,1.96947,1.00,1.00
2014.05.30 06:23:16.958,1.96916,1.96951,1.00,1.50
2014.05.30 06:23:17.110,1.96907,1.96951,1.00,1.50
2014.05.30 06:23:17.160,1.96905,1.96947,1.00,1.00
2014.05.30 06:23:17.668,1.96915,1.96948,1.00,1.00
2014.05.30 06:23:17.719,1.96915,1.96957,1.50,2.03
2014.05.30 06:23:18.269,1.96916,1.96956,1.00,1.34
2014.05.30 06:23:18.790,1.96916,1.96953,1.00,1.00
2014.05.30 06:23:18.943,1.96916,1.96955,1.00,1.00
2014.05.30 06:23:19.381,1.96916,1.96958,1.00,1.00
2014.05.30 06:23:19.596,1.96916,1.96956,1.00,1.00
2014.05.30 06:23:20.146,1.96915,1.96957,1.50,1.00
2014.05.30 06:23:20.939,1.96915,1.96956,1.00,1.00
2014.05.30 06:23:21.259,1.96915,1.96954,1.00,1.00
2014.05.30 06:23:21.848,1.96916,1.96954,1.00,1.00
2014.05.30 06:23:22.036,1.96911,1.96954,1.00,1.00
2014.05.30 06:23:22.137,1.96905,1.96946,1.19,1.00
2014.05.30 06:23:22.188,1.96905,1.96946,1.00,1.00
2014.05.30 06:23:22.350,1.96906,1.9695,1.00,1.00
2014.05.30 06:23:22.911,1.96907,1.96949,1.00,1.00
2014.05.30 06:23:23.149,1.96916,1.96951,1.00,1.00
2014.05.30 06:23:23.668,1.96915,1.96951,1.00,1.00
2014.05.30 06:23:24.230,1.96915,1.96949,1.00,1.00
2014.05.30 06:23:24.360,1.96907,1.96949,1.00,1.00
2014.05.30 06:23:24.891,1.96906,1.96948,1.00,1.00
2014.05.30 06:23:27.438,1.96905,1.96948,1.00,1.00
2014.05.30 06:23:28.407,1.96905,1.96946,1.00,1.00
2014.05.30 06:23:29.100,1.96906,1.96946,1.00,1.00
2014.05.30 06:23:29.403,1.96906,1.96938,1.00,1.00
2014.05.30 06:23:29.454,1.96895,1.96938,1.00,1.00
2014.05.30 06:23:29.605,1.96895,1.96938,1.00,2.59
2014.05.30 06:23:30.152,1.96896,1.96932,1.00,1.00
2014.05.30 06:23:31.648,1.96896,1.96935,1.00,1.09
2014.05.30 06:23:32.159,1.96895,1.96936,1.00,1.59
2014.05.30 06:23:32.361,1.969,1.9694,1.00,1.53
2014.05.30 06:23:32.679,1.96905,1.9694,1.00,1.34
2014.05.30 06:23:34.308,1.969,1.9694,1.00,1.34
2014.05.30 06:23:34.458,1.96895,1.96934,1.00,1.00
2014.05.30 06:23:35.295,1.96906,1.96934,1.00,1.00
2014.05.30 06:23:35.674,1.96896,1.96933,1.00,1.00
2014.05.30 06:23:35.876,1.96896,1.96935,1.00,1.09
2014.05.30 06:23:36.128,1.96895,1.96928,1.00,1.00
2014.05.30 06:23:36.446,1.96896,1.9693,1.00,1.00
2014.05.30 06:23:37.863,1.96905,1.9693,1.00,1.00
2014.05.30 06:23:38.085,1.96896,1.9693,1.00,1.00
2014.05.30 06:23:38.429,1.96906,1.96934,1.00,1.00
2014.05.30 06:23:39.224,1.96906,1.96937,1.00,1.34
2014.05.30 06:23:39.356,1.96906,1.96937,1.00,1.00
2014.05.30 06:23:39.407,1.96916,1.96951,1.00,1.57
2014.05.30 06:23:39.458,1.96916,1.96951,1.00,1.19
2014.05.30 06:23:39.560,1.96916,1.96951,1.00,1.00
2014.05.30 06:23:39.795,1.96916,1.96946,1.00,1.00
2014.05.30 06:23:39.896,1.96916,1.96954,1.00,1.00
2014.05.30 06:23:40.149,1.96918,1.96957,1.00,1.00
2014.05.30 06:23:41.667,1.96919,1.96958,1.00,1.00
2014.05.30 06:23:41.775,1.96916,1.96954,1.00,1.00
2014.05.30 06:23:42.383,1.96915,1.96954,1.50,1.00
2014.05.30 06:23:42.887,1.96916,1.96954,1.00,1.00
2014.05.30 06:23:43.195,1.96916,1.9695,1.00,1.00
2014.05.30 06:23:43.269,1.96914,1.9695,1.00,1.00
2014.05.30 06:23:43.320,1.96909,1.9695,1.19,1.00
2014.05.30 06:23:43.421,1.96908,1.96947,1.19,1.00
2014.05.30 06:23:44.034,1.96909,1.96947,1.00,1.00
2014.05.30 06:23:44.414,1.96908,1.96945,1.00,1.00
2014.05.30 06:23:45.024,1.96908,1.96944,1.00,1.00
2014.05.30 06:23:45.075,1.96909,1.96949,1.00,1.00
2014.05.30 06:23:45.170,1.96909,1.96946,1.00,1.00
2014.05.30 06:23:45.276,1.96909,1.9695,1.00,1.00
2014.05.30 06:23:45.834,1.96908,1.9695,1.00,1.00
2014.05.30 06:23:49.925,1.96908,1.96944,1.00,1.00
2014.05.30 06:23:50.026,1.96905,1.96948,1.27,1.00
2014.05.30 06:23:50.076,1.96905,1.96948,1.19,1.34
2014.05.30 06:23:50.127,1.96897,1.96941,2.59,1.00
2014.05.30 06:23:50.469,1.96897,1.96938,1.37,1.00
2014.05.30 06:23:50.779,1.96897,1.9694,1.37,1.00
2014.05.30 06:23:50.931,1.96896,1.96937,1.77,1.00
2014.05.30 06:23:51.615,1.96896,1.96937,1.25,1.00
2014.05.30 06:23:51.666,1.96896,1.96935,1.25,1.00
2014.05.30 06:23:52.336,1.96896,1.96933,1.25,1.00
2014.05.30 06:23:59.396,1.96896,1.96935,1.69,1.00
2014.05.30 06:24:00.126,1.96896,1.96934,1.25,1.00
2014.05.30 06:24:01.445,1.96896,1.96932,1.00,1.00
2014.05.30 06:24:01.748,1.96896,1.96922,1.00,1.00
2014.05.30 06:24:01.917,1.96885,1.96923,1.00,1.00
2014.05.30 06:24:03.095,1.96885,1.96921,1.00,1.00
2014.05.30 06:24:04.075,1.96896,1.96921,1.00,1.00
2014.05.30 06:24:04.229,1.96896,1.96925,1.00,1.00
2014.05.30 06:24:05.075,1.96896,1.96923,1.00,1.00
2014.05.30 06:24:09.358,1.96886,1.96923,1.00,1.00
2014.05.30 06:24:12.336,1.96886,1.96924,1.00,1.00
2014.05.30 06:24:17.237,1.96885,1.96924,1.00,1.00
2014.05.30 06:24:22.077,1.96876,1.96924,1.00,1.50
2014.05.30 06:24:22.736,1.96876,1.96914,1.00,1.00
2014.05.30 06:24:23.310,1.96875,1.96914,1.00,1.00
2014.05.30 06:24:23.418,1.96875,1.96917,1.00,1.00
2014.05.30 06:24:23.926,1.96875,1.96918,1.00,1.00
2014.05.30 06:24:24.930,1.96875,1.96919,1.00,1.25
2014.05.30 06:24:25.032,1.96875,1.96913,1.00,1.00
2014.05.30 06:24:25.815,1.96876,1.96913,1.00,1.00
2014.05.30 06:24:26.131,1.96876,1.96911,1.00,1.00
2014.05.30 06:24:26.942,1.96876,1.96913,1.00,1.00
2014.05.30 06:24:30.361,1.96876,1.96914,1.00,1.00
2014.05.30 06:24:30.924,1.96876,1.96913,1.00,1.00
2014.05.30 06:24:32.475,1.96876,1.9692,1.00,1.19
2014.05.30 06:24:33.077,1.96875,1.9692,1.00,1.19
2014.05.30 06:24:33.775,1.96875,1.9692,1.00,1.19
2014.05.30 06:24:34.431,1.96875,1.9692,1.00,1.19
2014.05.30 06:24:37.265,1.96875,1.96922,1.00,1.27
2014.05.30 06:24:40.280,1.96875,1.96921,1.00,1.29
2014.05.30 06:24:43.294,1.96875,1.96919,1.00,1.25
2014.05.30 06:24:44.098,1.96875,1.96918,1.00,1.00
2014.05.30 06:24:44.789,1.96875,1.96918,1.00,1.19
2014.05.30 06:24:46.312,1.96875,1.96918,1.00,1.00
2014.05.30 06:24:50.349,1.96875,1.96918,1.00,1.19
2014.05.30 06:24:53.284,1.96876,1.96917,1.00,1.25
2014.05.30 06:24:56.375,1.96876,1.96918,1.00,1.25
2014.05.30 06:24:57.031,1.96875,1.96918,1.00,1.25
2014.05.30 06:25:00.395,1.96875,1.96918,1.00,1.19
2014.05.30 06:25:01.614,1.96885,1.96917,1.00,1.00
2014.05.30 06:25:01.717,1.96886,1.96926,1.00,1.08
2014.05.30 06:25:01.768,1.96886,1.96926,1.00,1.00
2014.05.30 06:25:05.697,1.96886,1.96918,1.00,1.00
2014.05.30 06:25:05.848,1.96876,1.96918,1.00,1.00
2014.05.30 06:25:05.906,1.96876,1.96921,1.00,1.00
2014.05.30 06:25:06.451,1.96876,1.96918,1.00,1.00
2014.05.30 06:25:10.147,1.96876,1.96919,1.00,1.00
2014.05.30 06:25:11.785,1.96876,1.96924,1.00,1.69
2014.05.30 06:25:12.095,1.96885,1.96929,1.00,2.44
2014.05.30 06:25:12.903,1.96885,1.96923,1.00,1.00
2014.05.30 06:25:13.636,1.96876,1.96923,1.50,1.00
2014.05.30 06:25:14.625,1.96886,1.96923,1.00,1.00
2014.05.30 06:25:14.977,1.96876,1.96923,1.50,1.00
2014.05.30 06:25:15.395,1.96886,1.96923,1.00,1.00
2014.05.30 06:25:15.780,1.96886,1.96921,1.00,1.00
2014.05.30 06:25:16.561,1.96885,1.96921,1.00,1.00
2014.05.30 06:25:18.830,1.96885,1.9692,1.00,1.00
2014.05.30 06:25:19.145,1.96876,1.96913,1.00,1.00
2014.05.30 06:25:20.891,1.96876,1.96911,1.00,1.00
2014.05.30 06:25:21.460,1.96875,1.96911,1.00,1.00
2014.05.30 06:25:24.209,1.96876,1.96911,1.00,1.00
2014.05.30 06:25:25.515,1.96875,1.96911,1.00,1.00
2014.05.30 06:25:27.055,1.96866,1.96911,1.00,1.00
2014.05.30 06:25:27.156,1.96866,1.96907,1.00,1.00
2014.05.30 06:25:27.508,1.96876,1.96904,1.00,1.00
2014.05.30 06:25:27.825,1.96865,1.96904,1.25,1.00
2014.05.30 06:25:27.905,1.96865,1.96909,1.25,1.00
2014.05.30 06:25:30.250,1.96866,1.96907,1.00,1.00
2014.05.30 06:25:30.906,1.96865,1.96908,1.00,1.00
2014.05.30 06:25:32.372,1.96865,1.96908,1.19,1.00
2014.05.30 06:25:33.515,1.96865,1.96911,1.19,1.00
2014.05.30 06:25:34.749,1.96865,1.96908,1.19,1.00
2014.05.30 06:25:35.587,1.96865,1.96908,1.00,1.00
2014.05.30 06:25:40.445,1.96875,1.96908,1.00,1.00
2014.05.30 06:25:41.105,1.96875,1.96907,1.00,1.00
2014.05.30 06:25:41.155,1.96865,1.96907,1.19,1.00
2014.05.30 06:25:42.118,1.96865,1.96907,1.25,1.00
2014.05.30 06:25:44.131,1.96865,1.96907,1.19,1.00
2014.05.30 06:25:46.060,1.96865,1.96907,1.25,1.00
2014.05.30 06:25:50.314,1.96865,1.96906,1.00,1.00
2014.05.30 06:25:53.094,1.96866,1.96906,1.00,1.00
2014.05.30 06:25:53.647,1.96866,1.96905,1.00,1.00
2014.05.30 06:25:55.404,1.96865,1.96905,1.25,1.00
2014.05.30 06:26:00.828,1.96876,1.96905,1.00,1.00
2014.05.30 06:26:01.715,1.96876,1.96906,1.00,1.00
2014.05.30 06:26:08.605,1.96866,1.96906,1.25,1.00
2014.05.30 06:26:08.655,1.96866,1.96904,1.25,1.00
2014.05.30 06:26:10.891,1.96865,1.96904,1.00,1.00
2014.05.30 06:26:11.656,1.96866,1.96905,1.00,1.00
2014.05.30 06:26:13.809,1.96866,1.96905,1.19,1.00
2014.05.30 06:26:15.031,1.96866,1.96905,1.00,1.00
2014.05.30 06:26:23.166,1.96866,1.96905,1.19,1.00
2014.05.30 06:26:23.304,1.96876,1.96905,1.00,1.00
2014.05.30 06:26:23.407,1.96876,1.96912,1.00,1.00
2014.05.30 06:26:27.374,1.96866,1.96904,1.19,1.00
2014.05.30 06:26:27.677,1.96875,1.96907,1.00,1.00
2014.05.30 06:26:30.016,1.96876,1.96907,1.00,1.00
2014.05.30 06:26:30.094,1.96876,1.96909,1.00,1.00
2014.05.30 06:26:31.855,1.96876,1.96908,1.00,1.00
2014.05.30 06:26:33.135,1.96885,1.96908,1.00,1.00
2014.05.30 06:26:33.205,1.96885,1.96924,1.00,1.00
2014.05.30 06:26:33.314,1.96882,1.96921,1.00,1.00
2014.05.30 06:26:33.617,1.96875,1.96908,1.00,1.00
2014.05.30 06:26:35.865,1.96895,1.96908,1.00,1.00
2014.05.30 06:26:35.967,1.96895,1.9692,1.00,1.00
2014.05.30 06:26:36.030,1.96895,1.96922,1.00,1.00
2014.05.30 06:26:37.574,1.96895,1.96924,1.00,1.00
2014.05.30 06:26:41.676,1.96885,1.96924,1.50,1.00
2014.05.30 06:26:42.308,1.96876,1.96912,1.19,1.00
2014.05.30 06:26:42.664,1.96866,1.96908,1.57,1.00
2014.05.30 06:26:42.816,1.96865,1.96908,1.25,1.00
2014.05.30 06:26:42.867,1.96865,1.96904,1.25,1.00
2014.05.30 06:26:43.421,1.96865,1.96893,1.00,1.00
2014.05.30 06:26:43.588,1.96855,1.96893,1.00,1.00
2014.05.30 06:26:44.329,1.96852,1.96893,1.19,1.00
2014.05.30 06:26:44.430,1.96846,1.96885,2.25,1.00
2014.05.30 06:26:45.009,1.96846,1.96886,1.50,1.00
2014.05.30 06:26:45.060,1.96846,1.96891,1.50,1.00
2014.05.30 06:26:45.111,1.96855,1.96891,1.00,1.00
2014.05.30 06:26:45.413,1.96865,1.96893,1.00,1.00
2014.05.30 06:26:45.625,1.96865,1.969,1.00,1.00
2014.05.30 06:26:45.982,1.96865,1.96907,1.00,1.00
2014.05.30 06:26:46.604,1.96865,1.96908,1.00,1.00
2014.05.30 06:26:51.131,1.96875,1.96912,1.00,1.00
2014.05.30 06:26:56.073,1.96876,1.96912,1.00,1.00
2014.05.30 06:26:56.425,1.96885,1.96916,1.00,1.00
2014.05.30 06:26:56.728,1.96885,1.96921,1.18,1.00
2014.05.30 06:26:56.879,1.96896,1.96921,1.00,1.00
2014.05.30 06:26:56.934,1.96896,1.96924,1.00,1.00
2014.05.30 06:26:57.187,1.96896,1.96932,1.00,1.00
2014.05.30 06:26:57.501,1.96905,1.96932,1.00,1.00
2014.05.30 06:26:57.925,1.96906,1.9693,1.00,1.00
2014.05.30 06:26:58.151,1.96906,1.96934,1.00,1.00
2014.05.30 06:26:58.641,1.96895,1.96933,1.00,1.00
2014.05.30 06:27:01.130,1.96895,1.96937,1.00,1.00
2014.05.30 06:27:01.508,1.96895,1.9694,1.00,1.00
2014.05.30 06:27:01.711,1.969,1.96944,1.00,1.00
2014.05.30 06:27:02.013,1.96906,1.96944,1.00,1.00
2014.05.30 06:27:02.931,1.969,1.96944,1.19,1.00
2014.05.30 06:27:03.333,1.96906,1.96944,1.00,1.00
2014.05.30 06:27:03.440,1.969,1.96944,1.00,1.00
2014.05.30 06:27:03.893,1.96906,1.96944,1.00,1.00
2014.05.30 06:27:05.053,1.96905,1.96944,1.00,1.00
2014.05.30 06:27:05.183,1.96905,1.96948,1.00,1.00
2014.05.30 06:27:08.133,1.96906,1.96948,1.00,1.00
2014.05.30 06:27:08.184,1.9691,1.96952,1.00,1.15
2014.05.30 06:27:08.234,1.9691,1.96952,1.00,1.00
2014.05.30 06:27:08.404,1.96905,1.96945,1.00,1.00
2014.05.30 06:27:08.642,1.96905,1.96948,1.00,1.00
2014.05.30 06:27:10.003,1.96903,1.96944,1.00,1.00
2014.05.30 06:27:10.381,1.96903,1.96944,1.00,1.15
2014.05.30 06:27:10.823,1.96896,1.96931,1.34,1.00
2014.05.30 06:27:11.129,1.96896,1.96932,1.13,1.08
2014.05.30 06:27:11.230,1.96896,1.96932,1.00,1.15
2014.05.30 06:27:11.541,1.96899,1.96932,1.00,1.15
2014.05.30 06:27:11.693,1.96887,1.96932,1.97,1.15
2014.05.30 06:27:11.794,1.96887,1.96932,1.97,1.15
2014.05.30 06:27:11.895,1.96887,1.96932,1.97,1.15
2014.05.30 06:27:12.226,1.96887,1.96932,1.97,1.65
2014.05.30 06:27:12.327,1.96887,1.96932,1.97,1.58
2014.05.30 06:27:15.614,1.96895,1.96932,1.00,1.58
2014.05.30 06:27:16.185,1.96886,1.96933,2.22,1.58
2014.05.30 06:27:16.747,1.96886,1.96931,2.22,1.00
2014.05.30 06:27:17.162,1.96884,1.96925,1.72,1.00
2014.05.30 06:27:17.313,1.96886,1.96927,1.72,1.00
2014.05.30 06:27:18.903,1.96885,1.96921,1.72,1.00
2014.05.30 06:27:19.404,1.96885,1.96925,1.72,1.50
2014.05.30 06:27:19.623,1.96886,1.96922,1.72,1.00
2014.05.30 06:27:24.685,1.96885,1.96924,1.72,1.00
2014.05.30 06:27:25.123,1.96886,1.96921,1.72,1.00
2014.05.30 06:27:25.649,1.96886,1.9692,1.72,1.00
2014.05.30 06:27:25.700,1.96886,1.96922,1.72,1.00
2014.05.30 06:27:25.893,1.96886,1.9692,1.72,1.00
2014.05.30 06:27:26.663,1.96885,1.96918,1.72,1.00
2014.05.30 06:27:26.883,1.96885,1.9692,1.72,1.00
2014.05.30 06:27:27.129,1.96885,1.96918,1.72,1.00
2014.05.30 06:27:27.453,1.96885,1.9692,1.72,1.00
2014.05.30 06:27:28.093,1.96885,1.96918,1.72,1.00
2014.05.30 06:27:28.436,1.96886,1.9692,1.72,1.00
2014.05.30 06:27:28.885,1.96886,1.96918,1.72,1.00
2014.05.30 06:27:29.671,1.96886,1.96916,1.34,1.00
2014.05.30 06:27:29.873,1.96886,1.96918,1.34,1.00
2014.05.30 06:27:30.843,1.96885,1.96917,1.34,1.00
2014.05.30 06:27:31.419,1.96886,1.96918,1.34,1.00
2014.05.30 06:27:31.612,1.96886,1.96916,1.34,1.00
2014.05.30 06:27:31.964,1.96886,1.96919,1.34,1.00
2014.05.30 06:27:32.162,1.96881,1.96916,2.22,1.00
2014.05.30 06:27:32.382,1.96886,1.96919,1.34,1.00
2014.05.30 06:27:32.640,1.96885,1.96917,1.34,1.00
2014.05.30 06:27:33.393,1.96886,1.96919,1.34,1.00
2014.05.30 06:27:33.595,1.96886,1.96916,1.34,1.00
2014.05.30 06:27:33.945,1.96885,1.96918,1.34,1.00
2014.05.30 06:27:34.147,1.96885,1.96916,1.34,1.00
2014.05.30 06:27:34.383,1.96885,1.96918,1.34,1.00
2014.05.30 06:27:34.713,1.96886,1.96916,1.34,1.00
2014.05.30 06:27:34.955,1.96886,1.96919,1.34,1.00
2014.05.30 06:27:35.134,1.96886,1.96916,1.34,1.00
2014.05.30 06:27:35.439,1.96881,1.96913,1.84,1.00
2014.05.30 06:27:35.765,1.96881,1.96911,1.84,1.00
2014.05.30 06:27:35.816,1.96875,1.96911,1.72,1.00
2014.05.30 06:27:36.122,1.96875,1.96908,1.72,1.00
2014.05.30 06:27:37.878,1.96876,1.96908,1.72,1.00
2014.05.30 06:27:37.929,1.96876,1.9691,1.72,1.00
2014.05.30 06:27:38.102,1.96876,1.96908,1.72,1.00
2014.05.30 06:27:40.196,1.96875,1.96911,1.72,1.00
2014.05.30 06:27:40.533,1.96886,1.96912,1.00,1.00
2014.05.30 06:27:41.065,1.96885,1.96912,1.00,1.00
2014.05.30 06:27:41.185,1.96885,1.96915,1.00,1.00
2014.05.30 06:27:41.286,1.96885,1.96924,1.00,1.69
2014.05.30 06:27:41.337,1.96885,1.96924,1.00,1.50
2014.05.30 06:27:42.393,1.96885,1.96922,1.00,1.00
2014.05.30 06:27:43.206,1.96886,1.96922,1.00,1.00
2014.05.30 06:27:46.022,1.96886,1.96923,1.00,1.00
2014.05.30 06:27:46.246,1.96885,1.96926,1.00,1.50
2014.05.30 06:27:46.354,1.96885,1.9692,1.00,1.00
2014.05.30 06:27:47.167,1.96886,1.9692,1.00,1.00
2014.05.30 06:27:48.112,1.96886,1.96922,1.00,1.00
2014.05.30 06:27:50.302,1.96886,1.9692,1.00,1.00
2014.05.30 06:27:50.413,1.96886,1.96922,1.00,1.00
2014.05.30 06:27:50.565,1.96886,1.9692,1.00,1.00
2014.05.30 06:27:51.128,1.96885,1.96921,1.00,1.00
2014.05.30 06:27:51.733,1.96886,1.96922,1.00,1.00
2014.05.30 06:27:53.596,1.96885,1.96922,1.00,1.00
2014.05.30 06:27:54.413,1.96885,1.96926,1.00,1.00
2014.05.30 06:27:54.947,1.96895,1.96926,1.00,1.00
2014.05.30 06:27:55.202,1.96897,1.96932,1.00,1.00
2014.05.30 06:27:55.396,1.96886,1.96919,1.00,1.00
2014.05.30 06:27:55.512,1.96886,1.96922,1.00,1.00
2014.05.30 06:27:56.131,1.96896,1.96922,1.00,1.00
2014.05.30 06:27:56.182,1.96896,1.96926,1.00,1.00
2014.05.30 06:27:56.562,1.96885,1.96926,1.09,1.00
2014.05.30 06:27:56.790,1.96896,1.96926,1.00,1.00
2014.05.30 06:27:58.322,1.96885,1.96926,1.09,1.00
2014.05.30 06:27:58.545,1.96896,1.96926,1.00,1.00
2014.05.30 06:27:58.875,1.96895,1.96923,1.00,1.00
2014.05.30 06:27:59.390,1.96896,1.96924,1.00,1.00
2014.05.30 06:27:59.873,1.96895,1.96922,1.00,1.00
2014.05.30 06:28:00.421,1.96886,1.96923,1.00,1.00
2014.05.30 06:28:00.851,1.96896,1.96922,1.00,1.00
2014.05.30 06:28:00.902,1.96896,1.9693,1.00,1.50
2014.05.30 06:28:01.053,1.96906,1.9693,1.00,1.00
2014.05.30 06:28:01.204,1.96906,1.96934,1.00,1.00
2014.05.30 06:28:03.565,1.96895,1.96934,1.47,1.00
2014.05.30 06:28:03.616,1.96895,1.96936,1.84,1.00
2014.05.30 06:28:03.953,1.96895,1.96934,1.34,1.00
2014.05.30 06:28:04.162,1.96896,1.96936,1.34,1.00
2014.05.30 06:28:06.912,1.96896,1.96935,1.34,1.00
2014.05.30 06:28:09.832,1.96906,1.96935,1.00,1.00
2014.05.30 06:28:09.882,1.96906,1.9694,1.00,1.00
2014.05.30 06:28:10.135,1.96906,1.96934,1.00,1.00
2014.05.30 06:28:10.437,1.96929,1.96947,1.84,1.00
2014.05.30 06:28:10.538,1.96935,1.96963,1.34,1.00
2014.05.30 06:28:10.639,1.96936,1.96965,1.09,1.00
2014.05.30 06:28:10.690,1.96936,1.96967,1.09,1.00
2014.05.30 06:28:10.791,1.96936,1.96974,1.09,1.00
2014.05.30 06:28:10.842,1.96936,1.96976,1.09,1.00
2014.05.30 06:28:10.893,1.96948,1.9698,1.84,2.33
2014.05.30 06:28:11.045,1.96948,1.96981,1.84,2.25
2014.05.30 06:28:11.146,1.96948,1.96985,1.34,1.19
2014.05.30 06:28:13.287,1.96944,1.96984,1.00,1.00
2014.05.30 06:28:13.354,1.96946,1.96985,1.00,1.00
2014.05.30 06:28:13.670,1.96952,1.96994,1.00,1.69
2014.05.30 06:28:13.842,1.96946,1.96984,1.00,1.00
2014.05.30 06:28:14.152,1.96945,1.96987,1.84,1.25
2014.05.30 06:28:14.203,1.96952,1.96989,1.00,1.19
2014.05.30 06:28:14.307,1.96952,1.96989,1.00,1.00
2014.05.30 06:28:14.606,1.96952,1.96994,1.00,1.00
2014.05.30 06:28:16.145,1.96952,1.96985,1.00,1.00
2014.05.30 06:28:16.196,1.96945,1.96982,1.00,1.00
2014.05.30 06:28:16.398,1.96945,1.9697,1.00,1.00
2014.05.30 06:28:16.449,1.96935,1.9697,1.72,1.00
2014.05.30 06:28:17.142,1.96941,1.96974,1.00,1.00
2014.05.30 06:28:17.293,1.96941,1.96964,1.00,1.00
2014.05.30 06:28:17.555,1.96936,1.96972,1.72,1.00
2014.05.30 06:28:17.961,1.96935,1.96975,1.72,1.50
2014.05.30 06:28:18.682,1.96941,1.96975,1.00,1.00
2014.05.30 06:28:19.771,1.96941,1.96975,1.34,1.00
2014.05.30 06:28:20.362,1.96946,1.96984,1.00,1.00
2014.05.30 06:28:20.695,1.96943,1.96975,1.47,1.00
2014.05.30 06:28:23.332,1.96949,1.96975,1.00,1.00
2014.05.30 06:28:24.358,1.96949,1.96974,1.00,1.00
2014.05.30 06:28:28.392,1.96949,1.96975,1.00,1.00
2014.05.30 06:28:28.952,1.96949,1.96974,1.00,1.00
2014.05.30 06:28:35.321,1.96949,1.96975,1.00,1.00
2014.05.30 06:28:35.854,1.9695,1.96975,1.00,1.00
2014.05.30 06:28:37.877,1.9695,1.96974,1.00,1.00
2014.05.30 06:28:41.494,1.9695,1.96975,1.00,1.00
2014.05.30 06:28:42.924,1.9695,1.96974,1.00,1.00
2014.05.30 06:28:43.475,1.9695,1.96975,1.00,1.00
2014.05.30 06:28:46.339,1.9695,1.96974,1.00,1.00
2014.05.30 06:28:50.299,1.9695,1.96975,1.00,1.00
2014.05.30 06:28:50.844,1.96949,1.96965,1.00,1.00
2014.05.30 06:28:52.052,1.96949,1.96974,1.00,1.00
2014.05.30 06:28:52.821,1.96949,1.96975,1.00,1.00
2014.05.30 06:28:52.872,1.96945,1.96975,1.00,1.00
2014.05.30 06:28:52.974,1.96943,1.96975,1.00,1.00
2014.05.30 06:28:53.075,1.96943,1.96965,1.00,1.00
2014.05.30 06:28:53.421,1.9694,1.96964,1.00,1.00
2014.05.30 06:28:53.933,1.9694,1.96965,1.00,1.00
2014.05.30 06:28:54.543,1.9694,1.96964,1.00,1.00
2014.05.30 06:29:00.195,1.9694,1.96965,1.00,1.00
2014.05.30 06:29:00.891,1.96943,1.96965,1.00,1.00
2014.05.30 06:29:01.001,1.9694,1.96965,1.00,1.00
2014.05.30 06:29:01.881,1.96941,1.96965,1.00,1.00
2014.05.30 06:29:03.837,1.96941,1.96964,1.00,1.00
2014.05.30 06:29:03.888,1.96947,1.96964,1.00,1.00
2014.05.30 06:29:06.870,1.96947,1.96965,1.00,1.00
2014.05.30 06:29:09.514,1.96947,1.96975,1.00,1.00
2014.05.30 06:29:09.621,1.96947,1.96965,1.00,1.00
2014.05.30 06:29:09.911,1.96936,1.96964,1.00,1.00
2014.05.30 06:29:10.142,1.96945,1.96964,1.00,1.00
2014.05.30 06:29:10.779,1.96946,1.96964,1.00,1.00
2014.05.30 06:29:11.601,1.96946,1.96965,1.00,1.00
2014.05.30 06:29:11.670,1.96944,1.96965,1.00,1.00
2014.05.30 06:29:11.721,1.96946,1.96984,1.00,1.50
2014.05.30 06:29:13.141,1.96945,1.96984,1.00,1.00
2014.05.30 06:29:14.861,1.96949,1.96985,1.00,1.00
2014.05.30 06:29:15.367,1.96949,1.96984,1.00,1.00
2014.05.30 06:29:16.550,1.96956,1.96991,1.00,1.50
2014.05.30 06:29:17.334,1.96955,1.96991,1.00,1.00
2014.05.30 06:29:18.090,1.9695,1.96985,1.00,1.00
2014.05.30 06:29:18.421,1.96955,1.9699,1.00,1.50
2014.05.30 06:29:18.961,1.96956,1.9699,1.00,1.50
2014.05.30 06:29:19.784,1.96956,1.96989,1.00,1.13
2014.05.30 06:29:20.762,1.96956,1.96988,1.00,1.00
2014.05.30 06:29:25.101,1.96949,1.96988,1.00,1.00
2014.05.30 06:29:25.202,1.96949,1.96984,1.00,1.00
2014.05.30 06:29:26.192,1.96949,1.96983,1.00,1.00
2014.05.30 06:29:27.620,1.96947,1.96983,1.00,1.00
2014.05.30 06:29:27.771,1.96949,1.96983,1.00,1.00
2014.05.30 06:29:28.556,1.96949,1.96982,1.00,1.00
2014.05.30 06:29:30.121,1.96949,1.96984,1.00,1.00
2014.05.30 06:29:30.370,1.96955,1.96984,1.00,1.00
2014.05.30 06:29:31.130,1.96955,1.96986,1.00,1.25
2014.05.30 06:29:31.231,1.96953,1.96986,1.00,1.25
2014.05.30 06:29:31.935,1.96953,1.96982,1.00,1.00
2014.05.30 06:29:32.686,1.96957,1.96983,1.00,1.00
2014.05.30 06:29:32.842,1.96957,1.96986,1.00,1.25
2014.05.30 06:29:33.509,1.96956,1.96986,1.00,1.25
2014.05.30 06:29:34.440,1.96957,1.96986,1.00,1.00
2014.05.30 06:29:40.379,1.96957,1.96983,1.00,1.00
2014.05.30 06:29:41.539,1.96957,1.96986,1.00,1.00
2014.05.30 06:29:42.345,1.96957,1.96983,1.00,1.00
2014.05.30 06:29:42.910,1.96958,1.96983,1.00,1.00
2014.05.30 06:29:46.191,1.96958,1.96984,1.00,1.00
2014.05.30 06:29:46.294,1.96958,1.96994,1.00,1.19
2014.05.30 06:29:46.445,1.96964,1.96994,1.00,1.00
2014.05.30 06:29:46.748,1.96969,1.96996,1.00,1.00
2014.05.30 06:29:48.850,1.96968,1.96996,1.00,1.00
2014.05.30 06:29:48.900,1.96968,1.97004,1.00,1.19
2014.05.30 06:29:49.212,1.96974,1.97005,1.00,2.44
2014.05.30 06:29:49.363,1.96974,1.97005,1.00,1.50
2014.05.30 06:29:49.414,1.96977,1.97005,1.00,1.50
2014.05.30 06:29:49.921,1.96976,1.97006,1.00,1.00
2014.05.30 06:29:50.088,1.96977,1.97014,1.00,1.19
2014.05.30 06:29:50.189,1.96983,1.97017,1.00,1.00
2014.05.30 06:29:50.512,1.96997,1.97017,1.00,1.00
2014.05.30 06:29:50.613,1.96994,1.97022,1.00,1.00
2014.05.30 06:29:50.968,1.96997,1.97022,1.00,1.00
2014.05.30 06:29:51.274,1.96999,1.97023,1.00,1.00
2014.05.30 06:29:51.325,1.96999,1.97031,1.00,1.00
2014.05.30 06:29:51.426,1.97001,1.97031,1.00,1.00
2014.05.30 06:29:51.732,1.97007,1.97037,1.00,1.19
2014.05.30 06:29:52.034,1.97011,1.97037,1.00,1.00
2014.05.30 06:29:52.085,1.97016,1.97044,1.00,1.00
2014.05.30 06:29:52.136,1.97016,1.97049,1.00,1.39
2014.05.30 06:29:52.187,1.97019,1.9705,1.00,1.34
2014.05.30 06:29:52.288,1.97019,1.97054,1.00,1.00
2014.05.30 06:29:52.389,1.97022,1.97054,1.00,1.00
2014.05.30 06:29:52.591,1.97016,1.97057,1.00,1.00
2014.05.30 06:29:52.743,1.9703,1.97063,1.00,1.25
2014.05.30 06:29:53.053,1.9703,1.97065,1.00,2.25
2014.05.30 06:29:53.154,1.9704,1.97074,1.00,1.33
2014.05.30 06:29:53.700,1.9704,1.97075,1.00,1.19
2014.05.30 06:29:54.014,1.9704,1.97071,1.00,1.18
2014.05.30 06:29:54.178,1.97033,1.97071,1.00,1.37
2014.05.30 06:29:54.330,1.97033,1.97055,1.00,1.00
2014.05.30 06:29:54.380,1.97021,1.97055,1.00,1.00
2014.05.30 06:29:54.685,1.97019,1.97055,1.00,1.00
2014.05.30 06:29:54.837,1.97016,1.97055,1.00,1.00
2014.05.30 06:29:54.938,1.97019,1.97062,1.00,1.19
2014.05.30 06:29:54.988,1.97019,1.97054,1.00,1.00
2014.05.30 06:29:55.089,1.97019,1.97062,1.00,1.34
2014.05.30 06:29:55.370,1.9702,1.97062,1.00,1.19
2014.05.30 06:29:55.583,1.97026,1.97053,1.00,1.00
2014.05.30 06:29:55.684,1.97023,1.97052,1.00,1.00
2014.05.30 06:29:56.125,1.97021,1.97052,1.00,1.00
2014.05.30 06:29:56.477,1.97021,1.97065,1.00,1.84
2014.05.30 06:29:56.783,1.97019,1.97061,1.00,1.27
2014.05.30 06:29:56.834,1.97019,1.97061,1.00,1.27
2014.05.30 06:29:57.134,1.97023,1.97062,1.00,1.19
2014.05.30 06:29:57.462,1.9703,1.97065,1.00,1.69
2014.05.30 06:29:57.563,1.9703,1.97073,1.00,1.87
2014.05.30 06:29:57.664,1.97026,1.9707,1.00,1.77
2014.05.30 06:29:57.771,1.97026,1.97065,1.00,1.00
2014.05.30 06:29:58.087,1.97037,1.97074,1.00,1.34
2014.05.30 06:29:58.143,1.97037,1.97074,1.00,1.15
2014.05.30 06:29:58.201,1.9704,1.97074,1.00,1.15
2014.05.30 06:29:58.252,1.9704,1.97074,1.00,1.08
2014.05.30 06:29:58.353,1.97037,1.97074,1.00,1.00
2014.05.30 06:29:58.454,1.97042,1.97074,1.00,1.00
2014.05.30 06:29:59.551,1.97037,1.97074,1.00,1.00
2014.05.30 06:30:00.326,1.97037,1.97074,1.00,1.19
2014.05.30 06:30:00.630,1.97037,1.97064,1.00,1.00
2014.05.30 06:30:01.158,1.97036,1.97064,1.00,1.00
2014.05.30 06:30:01.570,1.97036,1.97075,1.00,1.34
2014.05.30 06:30:01.623,1.97042,1.97075,1.00,1.34
2014.05.30 06:30:03.129,1.97042,1.97065,1.00,1.00
2014.05.30 06:30:03.180,1.97037,1.97065,1.00,1.00
2014.05.30 06:30:04.094,1.97037,1.97074,1.00,1.34
2014.05.30 06:30:04.195,1.97041,1.97074,1.00,1.34
2014.05.30 06:30:04.628,1.97036,1.97065,1.00,1.00
2014.05.30 06:30:05.033,1.97034,1.97065,1.00,1.00
2014.05.30 06:30:05.831,1.97034,1.97064,1.00,1.00
2014.05.30 06:30:05.933,1.97037,1.97064,1.00,1.00
2014.05.30 06:30:06.051,1.97037,1.97073,1.00,1.34
2014.05.30 06:30:06.131,1.97034,1.97073,1.00,1.34
2014.05.30 06:30:06.400,1.97037,1.97065,1.00,1.00
2014.05.30 06:30:07.451,1.97033,1.97065,1.00,1.00
2014.05.30 06:30:07.923,1.9703,1.97065,1.00,1.00
2014.05.30 06:30:08.025,1.97034,1.97065,1.00,1.00
2014.05.30 06:30:08.126,1.97028,1.97065,1.00,1.00
2014.05.30 06:30:08.227,1.97028,1.9706,1.00,1.00
2014.05.30 06:30:08.871,1.97028,1.97059,1.00,1.00
2014.05.30 06:30:09.234,1.97028,1.97063,1.00,1.02
2014.05.30 06:30:09.351,1.97028,1.97055,1.00,1.00
2014.05.30 06:30:09.452,1.97025,1.97055,1.00,1.00
2014.05.30 06:30:10.100,1.97024,1.97054,1.00,1.50
2014.05.30 06:30:10.783,1.9702,1.97054,1.00,1.08
2014.05.30 06:30:11.411,1.9702,1.97044,1.00,1.50
2014.05.30 06:30:11.462,1.9701,1.97044,1.00,1.50
2014.05.30 06:30:11.513,1.9701,1.97044,1.00,1.08
2014.05.30 06:30:11.846,1.9701,1.97044,1.00,1.10
2014.05.30 06:30:11.897,1.97014,1.97044,1.00,1.10
2014.05.30 06:30:12.048,1.97015,1.97051,1.00,1.15
2014.05.30 06:30:12.207,1.97019,1.97052,1.00,1.40
2014.05.30 06:30:12.550,1.97021,1.97055,1.00,1.34
2014.05.30 06:30:12.601,1.97021,1.97055,1.00,1.27
2014.05.30 06:30:12.731,1.97015,1.97055,1.00,1.27
2014.05.30 06:30:13.361,1.97015,1.97055,1.00,1.08
2014.05.30 06:30:13.585,1.97015,1.97055,1.00,1.00
2014.05.30 06:30:14.195,1.97016,1.97056,1.00,1.00
2014.05.30 06:30:14.820,1.97016,1.97057,1.08,1.00
2014.05.30 06:30:15.262,1.97016,1.97064,1.08,1.19
2014.05.30 06:30:15.811,1.97016,1.97064,1.45,1.19
2014.05.30 06:30:16.154,1.97036,1.97062,1.45,1.00
2014.05.30 06:30:16.255,1.97036,1.97074,1.45,1.50
2014.05.30 06:30:16.406,1.97026,1.97074,1.45,1.50
2014.05.30 06:30:16.507,1.97026,1.97074,1.45,1.50
2014.05.30 06:30:16.961,1.97042,1.97074,1.00,1.00
2014.05.30 06:30:17.394,1.9704,1.97075,1.00,1.00
2014.05.30 06:30:17.561,1.9704,1.97064,1.00,1.00
2014.05.30 06:30:18.560,1.97042,1.97064,1.00,1.00
2014.05.30 06:30:18.891,1.97039,1.97064,1.00,1.00
2014.05.30 06:30:20.007,1.97039,1.97065,1.00,1.00
2014.05.30 06:30:20.551,1.9704,1.97065,1.00,1.00
2014.05.30 06:30:20.702,1.97041,1.97074,1.00,1.50
2014.05.30 06:30:21.421,1.97043,1.97074,1.00,1.00
2014.05.30 06:30:21.704,1.97044,1.97082,1.00,1.05
2014.05.30 06:30:22.622,1.97044,1.97083,1.00,1.05
2014.05.30 06:30:23.294,1.97043,1.97079,1.00,1.13
2014.05.30 06:30:23.860,1.97043,1.97077,1.00,1.00
2014.05.30 06:30:24.196,1.97039,1.97074,1.00,1.00
2014.05.30 06:30:24.364,1.97039,1.9707,1.00,1.00
2014.05.30 06:30:24.415,1.97037,1.9707,1.00,1.00
2014.05.30 06:30:24.605,1.97037,1.97064,1.00,1.00
2014.05.30 06:30:25.151,1.97037,1.97065,1.00,1.00
2014.05.30 06:30:25.924,1.97037,1.97071,1.00,1.00
2014.05.30 06:30:26.034,1.97037,1.97065,1.00,1.00
2014.05.30 06:30:26.940,1.9703,1.97065,1.00,1.00
2014.05.30 06:30:27.126,1.9703,1.9707,1.00,1.00
2014.05.30 06:30:27.346,1.9703,1.97064,1.00,1.00
2014.05.30 06:30:29.052,1.97026,1.97064,1.00,1.50
2014.05.30 06:30:29.153,1.97023,1.97064,1.00,1.50
2014.05.30 06:30:30.090,1.97023,1.97054,1.00,1.00
2014.05.30 06:30:30.244,1.97018,1.97054,1.00,1.00
2014.05.30 06:30:30.761,1.97017,1.97054,1.00,1.00
2014.05.30 06:30:32.156,1.97017,1.97055,1.00,1.00
2014.05.30 06:30:33.218,1.97018,1.97055,1.00,1.00
2014.05.30 06:30:33.800,1.97026,1.97059,1.00,1.00
2014.05.30 06:30:34.342,1.97026,1.97058,1.00,1.00
2014.05.30 06:30:34.393,1.97022,1.97055,1.00,1.00
2014.05.30 06:30:34.546,1.97015,1.97055,1.00,1.00
2014.05.30 06:30:35.070,1.97016,1.97054,1.00,1.00
2014.05.30 06:30:35.121,1.97015,1.97057,1.50,1.50
2014.05.30 06:30:35.172,1.97017,1.97057,1.00,1.00
2014.05.30 06:30:35.940,1.97021,1.97058,1.00,1.00
2014.05.30 06:30:35.991,1.97021,1.9706,1.00,1.00
2014.05.30 06:30:36.161,1.97019,1.97059,1.00,1.00
2014.05.30 06:30:36.368,1.97025,1.97059,1.00,1.00
2014.05.30 06:30:36.419,1.97025,1.97063,1.00,1.00
2014.05.30 06:30:36.951,1.97025,1.97064,1.00,1.00
2014.05.30 06:30:37.103,1.97025,1.97064,1.00,1.19
2014.05.30 06:30:38.405,1.97025,1.97064,1.19,1.19
2014.05.30 06:30:39.711,1.97025,1.97064,1.19,1.19
2014.05.30 06:30:42.646,1.97026,1.97064,1.25,1.69
2014.05.30 06:30:43.649,1.97026,1.97064,1.00,1.69
2014.05.30 06:30:44.191,1.97022,1.97062,1.19,1.19
2014.05.30 06:30:44.756,1.97022,1.97062,1.19,1.19
2014.05.30 06:30:45.400,1.97028,1.97067,1.00,1.19
2014.05.30 06:30:45.702,1.97031,1.97067,1.00,1.69
2014.05.30 06:30:45.840,1.97029,1.97067,1.00,1.69
2014.05.30 06:30:46.005,1.97029,1.97067,1.25,1.19
2014.05.30 06:30:46.062,1.97043,1.97067,1.00,1.19
2014.05.30 06:30:48.303,1.97043,1.97066,1.00,1.19
2014.05.30 06:30:50.390,1.97043,1.97068,1.00,1.19
2014.05.30 06:30:51.396,1.97043,1.97068,1.00,1.19
2014.05.30 06:30:52.401,1.97043,1.97068,1.00,1.19
2014.05.30 06:30:53.452,1.97045,1.97073,1.00,1.19
2014.05.30 06:30:53.553,1.97045,1.97074,1.00,1.19
2014.05.30 06:30:54.090,1.97042,1.97077,1.00,1.19
2014.05.30 06:30:54.535,1.97047,1.97071,1.00,1.25
2014.05.30 06:30:54.861,1.97044,1.97079,1.00,2.07
2014.05.30 06:30:55.549,1.97044,1.97077,1.00,1.19
2014.05.30 06:30:57.855,1.97044,1.97078,1.00,1.69
2014.05.30 06:31:00.468,1.97044,1.97078,1.00,1.19
2014.05.30 06:31:01.161,1.97048,1.97078,1.00,1.19
2014.05.30 06:31:01.673,1.97048,1.97078,1.00,1.19
2014.05.30 06:31:02.682,1.97048,1.97078,1.00,1.19
2014.05.30 06:31:03.790,1.97043,1.97081,1.00,1.57
2014.05.30 06:31:03.891,1.97043,1.97079,1.00,1.32
2014.05.30 06:31:04.997,1.97043,1.97079,1.00,1.32
2014.05.30 06:31:06.015,1.97043,1.9708,1.00,1.57
2014.05.30 06:31:07.067,1.97043,1.97081,1.00,1.57
2014.05.30 06:31:10.739,1.97043,1.97079,1.00,1.32
2014.05.30 06:31:12.850,1.97043,1.9708,1.00,1.57
2014.05.30 06:31:13.689,1.97046,1.9708,1.00,1.57
2014.05.30 06:31:14.198,1.97046,1.9708,1.00,1.57
2014.05.30 06:31:14.862,1.97046,1.97082,1.00,1.57
2014.05.30 06:31:16.872,1.97046,1.97082,1.00,1.57
2014.05.30 06:31:18.827,1.97046,1.97076,1.00,1.19
2014.05.30 06:31:19.411,1.97045,1.97076,1.00,1.19
2014.05.30 06:31:19.747,1.97045,1.97073,1.00,1.00
2014.05.30 06:31:20.157,1.97045,1.97072,1.00,1.19
2014.05.30 06:31:20.722,1.97046,1.97073,1.00,1.19
2014.05.30 06:31:23.329,1.97045,1.97073,1.00,1.19
2014.05.30 06:31:23.853,1.97045,1.97069,1.00,1.19
2014.05.30 06:31:24.363,1.97045,1.97069,1.00,1.19
2014.05.30 06:31:25.496,1.97045,1.9707,1.00,1.00
2014.05.30 06:31:26.164,1.97045,1.97073,1.00,1.19
2014.05.30 06:31:26.474,1.97045,1.97073,1.00,1.25
2014.05.30 06:31:27.644,1.97046,1.97073,1.00,1.25
2014.05.30 06:31:28.524,1.97046,1.97076,1.00,1.19
2014.05.30 06:31:29.184,1.97045,1.97074,1.00,1.19
2014.05.30 06:31:30.519,1.97045,1.97073,1.00,1.19
2014.05.30 06:31:31.524,1.97045,1.97073,1.00,1.19
2014.05.30 06:31:31.929,1.97056,1.97073,1.00,1.19
2014.05.30 06:31:35.870,1.97055,1.97074,1.00,1.19
2014.05.30 06:31:36.970,1.97055,1.97075,1.00,1.19
2014.05.30 06:31:40.465,1.97055,1.97075,1.00,1.19
2014.05.30 06:31:43.515,1.97055,1.97076,1.00,1.19
2014.05.30 06:31:44.512,1.97055,1.97077,1.00,1.19
2014.05.30 06:31:45.194,1.97056,1.97077,1.00,1.19
2014.05.30 06:31:46.440,1.97056,1.97075,1.00,1.00
2014.05.30 06:31:46.994,1.97055,1.97075,1.00,1.00
2014.05.30 06:31:47.612,1.97056,1.97075,1.00,1.00
2014.05.30 06:31:48.161,1.97056,1.97076,1.00,1.00
2014.05.30 06:31:49.040,1.97055,1.97082,1.00,1.19
2014.05.30 06:31:49.592,1.97056,1.97082,1.00,1.19
2014.05.30 06:31:49.747,1.97056,1.97082,1.00,1.19
2014.05.30 06:31:50.252,1.97055,1.97085,1.00,1.19
2014.05.30 06:31:50.954,1.97055,1.97085,1.00,1.19
2014.05.30 06:31:52.173,1.97055,1.97089,1.00,1.19
2014.05.30 06:31:54.122,1.97056,1.97086,1.00,1.25
2014.05.30 06:31:54.187,1.97056,1.97086,1.00,1.19
