2014.05.06 04:00:01.065,1.94083,1.94123,2.25,1.19
2014.05.06 04:00:01.317,1.94086,1.94124,1.02,1.19
2014.05.06 04:00:03.374,1.94086,1.94124,1.02,1.00
2014.05.06 04:00:04.929,1.94093,1.94133,1.10,1.19
2014.05.06 04:00:05.881,1.94093,1.94133,1.29,1.19
2014.05.06 04:00:09.088,1.94093,1.94126,1.10,1.19
2014.05.06 04:00:09.298,1.94093,1.94131,1.10,1.19
2014.05.06 04:00:11.095,1.94093,1.9413,1.10,1.19
2014.05.06 04:00:12.299,1.94093,1.94131,1.10,1.19
2014.05.06 04:00:14.166,1.94093,1.94131,1.08,1.19
2014.05.06 04:00:14.216,1.94093,1.94132,1.40,1.19
2014.05.06 04:00:14.815,1.94093,1.94132,1.09,1.19
2014.05.06 04:00:14.866,1.94093,1.94132,1.02,1.19
2014.05.06 04:00:16.216,1.94093,1.94136,1.29,1.69
2014.05.06 04:00:17.035,1.94093,1.94136,1.27,1.69
2014.05.06 04:00:17.257,1.94093,1.94135,1.29,1.19
2014.05.06 04:00:19.117,1.94093,1.94133,1.29,1.19
2014.05.06 04:00:20.516,1.94093,1.94134,1.29,1.19
2014.05.06 04:00:22.122,1.94093,1.94128,1.10,1.19
2014.05.06 04:00:23.174,1.94093,1.94131,1.10,1.19
2014.05.06 04:00:24.563,1.94093,1.94131,1.10,1.19
2014.05.06 04:00:28.434,1.94093,1.94131,1.10,1.19
2014.05.06 04:00:29.638,1.94093,1.94134,1.10,1.19
2014.05.06 04:00:33.044,1.94093,1.94125,1.10,1.19
2014.05.06 04:00:33.478,1.94093,1.9413,1.10,1.19
2014.05.06 04:00:37.190,1.94093,1.9413,1.18,1.19
2014.05.06 04:00:37.721,1.94093,1.9413,1.15,1.19
2014.05.06 04:00:38.760,1.94093,1.94132,1.15,1.19
2014.05.06 04:00:39.886,1.94093,1.94134,1.15,1.19
2014.05.06 04:00:40.079,1.94093,1.94134,1.08,1.19
2014.05.06 04:00:40.130,1.94093,1.94134,1.00,1.19
2014.05.06 04:00:40.903,1.94093,1.94133,1.19,1.19
2014.05.06 04:00:43.171,1.94093,1.94133,1.25,1.19
2014.05.06 04:00:50.086,1.94093,1.94123,1.00,1.19
2014.05.06 04:00:50.218,1.94093,1.94128,1.00,1.19
2014.05.06 04:00:53.896,1.94093,1.9413,1.00,1.19
2014.05.06 04:00:56.048,1.94093,1.94132,1.00,1.19
2014.05.06 04:00:57.303,1.94093,1.94133,1.00,1.19
2014.05.06 04:00:59.606,1.94093,1.94132,1.00,1.19
2014.05.06 04:01:00.650,1.94093,1.94135,1.29,1.19
2014.05.06 04:01:01.811,1.94093,1.94134,1.02,1.19
2014.05.06 04:01:02.914,1.94093,1.94134,1.10,1.69
2014.05.06 04:01:04.119,1.94093,1.94132,1.10,1.19
2014.05.06 04:01:05.922,1.94093,1.94127,1.10,1.19
2014.05.06 04:01:07.472,1.94093,1.94128,1.10,1.19
2014.05.06 04:01:10.629,1.94093,1.94133,1.10,1.19
2014.05.06 04:01:14.239,1.94093,1.94129,1.10,1.19
2014.05.06 04:01:15.944,1.94093,1.94128,1.10,1.19
2014.05.06 04:01:17.847,1.94093,1.9413,1.10,1.19
2014.05.06 04:01:20.168,1.94093,1.9413,1.08,1.19
2014.05.06 04:01:23.257,1.94093,1.94132,1.15,1.19
2014.05.06 04:01:24.259,1.94093,1.94133,1.15,1.19
2014.05.06 04:01:33.071,1.94093,1.94123,1.15,1.19
2014.05.06 04:01:33.172,1.94093,1.94127,1.15,1.19
2014.05.06 04:01:34.174,1.94093,1.94129,1.15,1.19
2014.05.06 04:01:40.704,1.94093,1.94129,1.15,1.19
2014.05.06 04:01:40.908,1.94093,1.94134,1.27,1.19
2014.05.06 04:01:41.884,1.94093,1.94135,1.27,1.19
2014.05.06 04:01:42.914,1.94093,1.94135,1.27,1.19
2014.05.06 04:01:44.190,1.94093,1.94136,1.27,1.69
2014.05.06 04:01:46.443,1.94093,1.9413,1.08,1.19
2014.05.06 04:01:48.800,1.94093,1.94129,1.08,1.19
2014.05.06 04:01:51.585,1.94093,1.94131,1.08,1.19
2014.05.06 04:01:52.842,1.94092,1.94132,1.18,1.69
2014.05.06 04:01:54.245,1.94092,1.94132,1.09,1.19
2014.05.06 04:01:57.054,1.94092,1.94132,1.37,1.19
2014.05.06 04:01:59.055,1.94093,1.94134,1.27,1.19
2014.05.06 04:02:00.862,1.94093,1.94133,1.08,1.19
2014.05.06 04:02:01.235,1.94092,1.94126,1.18,1.19
2014.05.06 04:02:01.509,1.94092,1.9413,1.18,1.19
2014.05.06 04:02:04.873,1.94092,1.9413,1.18,1.19
2014.05.06 04:02:06.378,1.94092,1.94135,1.37,1.69
2014.05.06 04:02:08.079,1.94092,1.94135,1.37,1.69
2014.05.06 04:02:08.760,1.94093,1.94135,1.02,1.69
2014.05.06 04:02:09.098,1.941,1.94136,1.29,1.00
2014.05.06 04:02:09.199,1.94101,1.94146,1.27,1.19
2014.05.06 04:02:09.300,1.94102,1.94146,1.02,1.19
2014.05.06 04:02:09.617,1.94106,1.94146,1.34,1.19
2014.05.06 04:02:11.090,1.94106,1.94151,1.34,1.19
2014.05.06 04:02:12.993,1.94106,1.94151,1.34,1.19
2014.05.06 04:02:14.142,1.94105,1.94149,1.02,1.19
2014.05.06 04:02:14.394,1.94103,1.94144,1.27,1.19
2014.05.06 04:02:16.017,1.94095,1.94142,1.84,1.19
2014.05.06 04:02:17.905,1.94097,1.9414,1.37,1.19
2014.05.06 04:02:18.208,1.94115,1.94152,1.00,1.19
2014.05.06 04:02:18.511,1.94115,1.94152,1.18,1.19
2014.05.06 04:02:19.613,1.94104,1.94145,1.34,1.19
2014.05.06 04:02:20.040,1.94109,1.94149,1.30,1.19
2014.05.06 04:02:20.648,1.94111,1.9415,1.40,1.19
2014.05.06 04:02:21.717,1.94111,1.94152,1.15,1.19
2014.05.06 04:02:23.823,1.94111,1.9415,1.15,1.19
2014.05.06 04:02:23.874,1.94111,1.9415,1.08,1.19
2014.05.06 04:02:23.974,1.94105,1.94144,1.34,1.19
2014.05.06 04:02:26.163,1.94105,1.94144,1.00,1.69
2014.05.06 04:02:27.863,1.94107,1.94143,1.00,1.19
2014.05.06 04:02:28.213,1.94112,1.94149,1.00,1.19
2014.05.06 04:02:30.150,1.94112,1.94148,1.00,1.19
2014.05.06 04:02:31.845,1.94112,1.94149,1.00,1.19
2014.05.06 04:02:32.847,1.94112,1.94149,1.00,1.19
2014.05.06 04:02:33.143,1.94105,1.94144,1.34,1.19
2014.05.06 04:02:33.684,1.94108,1.94149,1.25,1.19
2014.05.06 04:02:33.887,1.94108,1.94149,1.33,1.19
2014.05.06 04:02:34.851,1.94108,1.94148,1.40,1.19
2014.05.06 04:02:36.554,1.9411,1.94152,1.37,1.19
2014.05.06 04:02:36.705,1.94116,1.94156,1.94,1.19
2014.05.06 04:02:38.359,1.94119,1.9416,1.34,1.19
2014.05.06 04:02:39.663,1.94119,1.94161,1.34,1.19
2014.05.06 04:02:41.065,1.94119,1.94161,1.34,1.19
2014.05.06 04:02:41.283,1.94119,1.94161,1.34,1.19
2014.05.06 04:02:41.339,1.94119,1.94161,1.27,1.19
2014.05.06 04:02:42.068,1.94118,1.9416,1.37,1.19
2014.05.06 04:02:45.905,1.94126,1.94161,1.00,1.19
2014.05.06 04:02:46.227,1.94126,1.94158,1.00,1.19
2014.05.06 04:02:47.079,1.94126,1.94164,1.00,1.19
2014.05.06 04:02:50.087,1.94126,1.9416,1.00,1.19
2014.05.06 04:02:51.203,1.94126,1.9416,1.00,1.19
2014.05.06 04:02:54.101,1.94126,1.94155,1.00,1.19
2014.05.06 04:02:56.142,1.94126,1.94162,1.00,1.19
2014.05.06 04:02:57.128,1.94126,1.94158,1.00,1.19
2014.05.06 04:02:57.661,1.94114,1.94155,1.34,1.19
2014.05.06 04:02:57.712,1.94114,1.9415,1.00,1.19
2014.05.06 04:02:57.914,1.94106,1.9415,1.27,1.19
2014.05.06 04:02:58.421,1.94111,1.9415,1.00,1.19
2014.05.06 04:02:59.132,1.94111,1.94145,1.00,1.19
2014.05.06 04:03:01.748,1.94111,1.94146,1.00,1.19
2014.05.06 04:03:02.824,1.94111,1.94146,1.00,1.19
2014.05.06 04:03:07.634,1.94111,1.94143,1.00,1.19
2014.05.06 04:03:10.037,1.94111,1.94145,1.00,1.19
2014.05.06 04:03:11.141,1.94111,1.94143,1.00,1.19
2014.05.06 04:03:12.252,1.94111,1.94142,1.00,1.19
2014.05.06 04:03:12.555,1.94105,1.94139,1.00,1.02
2014.05.06 04:03:13.255,1.94105,1.94134,1.00,1.37
2014.05.06 04:03:13.585,1.94108,1.94134,1.00,1.37
2014.05.06 04:03:14.291,1.94108,1.94132,1.00,1.29
2014.05.06 04:03:16.365,1.94108,1.94135,1.00,1.34
2014.05.06 04:03:17.582,1.94108,1.94135,1.00,1.34
2014.05.06 04:03:17.688,1.94101,1.94135,1.00,1.34
2014.05.06 04:03:17.932,1.94093,1.94135,1.19,1.84
2014.05.06 04:03:19.909,1.94093,1.9413,1.00,1.19
2014.05.06 04:03:21.677,1.94093,1.94129,1.00,1.19
2014.05.06 04:03:23.213,1.94093,1.94128,1.00,1.19
2014.05.06 04:03:25.086,1.94093,1.94132,1.00,1.29
2014.05.06 04:03:25.193,1.94101,1.94132,1.00,1.29
2014.05.06 04:03:30.525,1.94101,1.94129,1.00,1.19
2014.05.06 04:03:31.085,1.941,1.94129,1.00,1.19
2014.05.06 04:03:31.707,1.941,1.94129,1.00,1.19
2014.05.06 04:03:32.907,1.941,1.9413,1.00,1.19
2014.05.06 04:03:34.911,1.941,1.94128,1.00,1.19
2014.05.06 04:03:36.416,1.941,1.94132,1.00,1.19
2014.05.06 04:03:38.068,1.941,1.94133,1.00,1.19
2014.05.06 04:03:38.141,1.94093,1.94133,1.00,1.19
2014.05.06 04:03:40.125,1.94093,1.9413,1.00,1.19
2014.05.06 04:03:42.265,1.94093,1.94131,1.00,1.19
2014.05.06 04:03:49.483,1.94093,1.94129,1.00,1.19
2014.05.06 04:03:53.116,1.941,1.9413,1.00,1.19
2014.05.06 04:03:54.597,1.941,1.94133,1.00,1.37
2014.05.06 04:03:56.906,1.941,1.94133,1.00,1.37
2014.05.06 04:03:59.112,1.941,1.94132,1.00,1.27
2014.05.06 04:04:04.541,1.94105,1.94132,1.00,1.27
2014.05.06 04:04:05.886,1.94115,1.94132,1.00,1.27
2014.05.06 04:04:05.937,1.94115,1.94144,1.00,1.94
2014.05.06 04:04:06.038,1.94115,1.9414,1.00,1.19
2014.05.06 04:04:06.240,1.94105,1.9414,1.00,1.34
2014.05.06 04:04:07.039,1.94105,1.94136,1.00,1.19
2014.05.06 04:04:08.780,1.94105,1.94135,1.00,1.19
2014.05.06 04:04:08.940,1.94099,1.94135,1.00,1.19
2014.05.06 04:04:11.180,1.94099,1.94133,1.00,1.27
2014.05.06 04:04:12.130,1.94101,1.94133,1.00,1.27
2014.05.06 04:04:13.859,1.94101,1.94133,1.00,1.27
2014.05.06 04:04:19.376,1.94101,1.94128,1.00,1.19
2014.05.06 04:04:24.789,1.94101,1.94131,1.00,1.29
2014.05.06 04:04:25.993,1.94101,1.9413,1.00,1.19
2014.05.06 04:04:27.097,1.94101,1.94133,1.00,1.27
2014.05.06 04:04:28.200,1.94101,1.94131,1.00,1.29
2014.05.06 04:04:35.919,1.94101,1.94132,1.00,1.37
2014.05.06 04:04:37.523,1.94101,1.94134,1.00,1.34
2014.05.06 04:04:38.826,1.94101,1.94133,1.00,1.19
2014.05.06 04:04:40.029,1.94101,1.94133,1.00,1.19
2014.05.06 04:04:41.133,1.94101,1.94136,1.00,1.19
2014.05.06 04:04:41.184,1.94106,1.94136,1.00,1.19
2014.05.06 04:04:41.739,1.94107,1.94136,1.00,1.19
2014.05.06 04:04:51.550,1.94107,1.94133,1.00,1.19
2014.05.06 04:04:51.850,1.94101,1.94133,1.00,1.19
2014.05.06 04:04:52.455,1.94101,1.9413,1.00,1.19
2014.05.06 04:04:53.862,1.94101,1.94133,1.00,1.19
2014.05.06 04:04:54.863,1.94101,1.94135,1.00,1.19
2014.05.06 04:04:57.569,1.94106,1.94135,1.00,1.34
2014.05.06 04:04:57.725,1.94103,1.94135,1.00,1.34
2014.05.06 04:04:58.043,1.94107,1.94135,1.00,1.34
2014.05.06 04:04:58.627,1.94107,1.94137,1.00,1.29
2014.05.06 04:05:04.610,1.94103,1.94137,1.00,1.29
2014.05.06 04:05:05.815,1.94103,1.94134,1.00,1.19
2014.05.06 04:05:08.006,1.94103,1.94134,1.00,1.19
2014.05.06 04:05:10.120,1.94103,1.94132,1.00,1.19
2014.05.06 04:05:12.443,1.94103,1.94131,1.00,1.19
2014.05.06 04:05:14.020,1.94103,1.9413,1.00,1.19
2014.05.06 04:05:16.129,1.94103,1.94131,1.00,1.19
2014.05.06 04:05:17.330,1.94103,1.94133,1.00,1.19
2014.05.06 04:05:18.152,1.94097,1.94133,1.00,1.29
2014.05.06 04:05:18.685,1.94097,1.94132,1.00,1.19
2014.05.06 04:05:19.899,1.94104,1.94132,1.00,1.19
2014.05.06 04:05:20.202,1.94104,1.9413,1.00,1.19
2014.05.06 04:05:21.075,1.94104,1.94124,1.00,1.19
2014.05.06 04:05:23.851,1.94104,1.94129,1.00,1.29
2014.05.06 04:05:26.157,1.94104,1.94127,1.00,1.19
2014.05.06 04:05:29.988,1.94104,1.94126,1.00,1.19
2014.05.06 04:05:33.290,1.94104,1.94125,1.00,1.19
2014.05.06 04:05:33.444,1.94101,1.94125,1.00,1.19
2014.05.06 04:05:33.649,1.94095,1.94125,1.00,1.19
2014.05.06 04:05:34.609,1.94095,1.94125,1.00,1.19
2014.05.06 04:05:35.741,1.941,1.94125,1.00,1.19
2014.05.06 04:05:36.119,1.941,1.94123,1.00,1.19
2014.05.06 04:05:36.689,1.941,1.94124,1.00,1.19
2014.05.06 04:05:37.646,1.94094,1.94124,1.00,1.19
2014.05.06 04:05:38.024,1.94094,1.94121,1.00,1.19
2014.05.06 04:05:39.697,1.94094,1.9412,1.00,1.19
2014.05.06 04:05:44.143,1.94094,1.94119,1.00,1.19
2014.05.06 04:05:44.769,1.94092,1.94119,1.00,1.19
2014.05.06 04:05:46.222,1.94092,1.94119,1.00,1.19
2014.05.06 04:05:48.210,1.94096,1.94119,1.00,1.19
2014.05.06 04:05:48.932,1.94096,1.94125,1.00,1.19
2014.05.06 04:05:50.939,1.94096,1.94127,1.00,1.19
2014.05.06 04:05:52.144,1.94096,1.94129,1.00,1.27
2014.05.06 04:05:53.899,1.94093,1.94129,1.00,1.27
2014.05.06 04:05:56.358,1.94093,1.94126,1.00,1.19
2014.05.06 04:05:58.962,1.94093,1.94126,1.00,1.19
2014.05.06 04:05:59.333,1.94097,1.94126,1.00,1.19
2014.05.06 04:06:00.375,1.94097,1.94124,1.00,1.19
2014.05.06 04:06:00.639,1.94093,1.94124,1.00,1.19
2014.05.06 04:06:01.694,1.94093,1.94122,1.00,1.19
2014.05.06 04:06:01.943,1.9409,1.94122,1.00,1.19
2014.05.06 04:06:03.074,1.9409,1.94118,1.00,1.19
2014.05.06 04:06:04.998,1.9409,1.94116,1.00,1.19
2014.05.06 04:06:05.049,1.94085,1.94116,1.00,1.19
2014.05.06 04:06:05.779,1.9409,1.94116,1.00,1.19
2014.05.06 04:06:06.879,1.94092,1.94116,1.00,1.19
2014.05.06 04:06:07.256,1.94091,1.9411,1.00,1.19
2014.05.06 04:06:14.505,1.94091,1.94112,1.00,1.19
2014.05.06 04:06:15.943,1.94091,1.94119,1.00,1.19
2014.05.06 04:06:16.912,1.94091,1.94123,1.00,1.29
2014.05.06 04:06:17.988,1.94086,1.94122,1.00,1.19
2014.05.06 04:06:19.220,1.94086,1.94121,1.00,1.19
2014.05.06 04:06:19.905,1.9408,1.94121,1.00,1.19
2014.05.06 04:06:20.327,1.9408,1.94113,1.00,1.19
2014.05.06 04:06:21.632,1.9408,1.94112,1.00,1.19
2014.05.06 04:06:22.869,1.9408,1.94111,1.00,1.19
2014.05.06 04:06:25.043,1.9408,1.9411,1.00,1.19
2014.05.06 04:06:29.868,1.94085,1.9411,1.00,1.19
2014.05.06 04:06:30.456,1.94085,1.94111,1.00,1.19
2014.05.06 04:06:31.559,1.94085,1.94112,1.00,1.19
2014.05.06 04:06:33.163,1.94085,1.94109,1.00,1.19
2014.05.06 04:06:38.321,1.94085,1.9411,1.00,1.19
2014.05.06 04:06:39.288,1.94085,1.94109,1.00,1.19
2014.05.06 04:06:40.682,1.94085,1.94108,1.00,1.19
2014.05.06 04:06:41.885,1.94085,1.94112,1.00,1.19
2014.05.06 04:06:41.986,1.94081,1.94112,1.00,1.19
2014.05.06 04:06:43.390,1.94081,1.94111,1.00,1.34
2014.05.06 04:06:50.705,1.94081,1.9411,1.00,1.37
2014.05.06 04:06:51.708,1.94081,1.94106,1.00,1.19
2014.05.06 04:06:52.813,1.94081,1.94108,1.00,1.19
2014.05.06 04:06:54.216,1.94081,1.94109,1.00,1.29
2014.05.06 04:06:55.847,1.94081,1.94107,1.00,1.19
2014.05.06 04:06:56.425,1.94081,1.94106,1.00,1.19
2014.05.06 04:06:57.167,1.94086,1.94106,1.00,1.19
2014.05.06 04:06:58.530,1.94086,1.9411,1.00,1.37
2014.05.06 04:06:59.632,1.94086,1.94109,1.00,1.19
2014.05.06 04:07:00.735,1.94086,1.9411,1.00,1.19
2014.05.06 04:07:01.658,1.9408,1.9411,1.00,1.19
2014.05.06 04:07:02.169,1.9408,1.94109,1.00,1.19
2014.05.06 04:07:03.638,1.94081,1.94109,1.00,1.19
2014.05.06 04:07:03.858,1.94078,1.94109,1.00,1.19
2014.05.06 04:07:04.647,1.94078,1.9411,1.00,1.19
2014.05.06 04:07:08.389,1.94078,1.94108,1.00,1.19
2014.05.06 04:07:13.568,1.94079,1.94108,1.00,1.19
2014.05.06 04:07:18.914,1.94079,1.94109,1.00,1.19
2014.05.06 04:07:20.082,1.94079,1.94108,1.00,1.19
2014.05.06 04:07:25.935,1.94079,1.94107,1.00,1.19
2014.05.06 04:07:27.917,1.94079,1.94109,1.00,1.19
2014.05.06 04:07:31.413,1.94079,1.94106,1.00,1.19
2014.05.06 04:07:33.016,1.94079,1.94105,1.00,1.19
2014.05.06 04:07:34.138,1.94079,1.94107,1.00,1.19
2014.05.06 04:07:38.232,1.94079,1.94108,1.00,1.19
2014.05.06 04:07:39.033,1.94079,1.94106,1.00,1.19
2014.05.06 04:07:42.442,1.94079,1.94108,1.00,1.19
2014.05.06 04:07:44.647,1.94079,1.94107,1.00,1.19
2014.05.06 04:07:48.154,1.94079,1.94106,1.00,1.19
2014.05.06 04:07:51.564,1.94079,1.94108,1.00,1.19
2014.05.06 04:07:52.566,1.94079,1.94112,1.00,1.19
2014.05.06 04:07:52.972,1.94085,1.94112,1.00,1.19
2014.05.06 04:07:58.076,1.94085,1.94114,1.00,1.27
2014.05.06 04:08:00.080,1.94085,1.94115,1.00,1.37
2014.05.06 04:08:00.131,1.9409,1.94115,1.00,1.37
2014.05.06 04:08:01.087,1.9409,1.94112,1.00,1.19
2014.05.06 04:08:01.437,1.94079,1.94112,1.00,1.19
2014.05.06 04:08:01.539,1.94079,1.94105,1.00,1.19
2014.05.06 04:08:02.427,1.94091,1.94105,1.00,1.19
2014.05.06 04:08:02.529,1.94091,1.94112,1.00,1.19
2014.05.06 04:08:04.185,1.94086,1.94112,1.00,1.19
2014.05.06 04:08:06.206,1.94086,1.94111,1.00,1.19
2014.05.06 04:08:07.648,1.94086,1.94116,1.00,1.19
2014.05.06 04:08:07.698,1.94091,1.94116,1.00,1.19
2014.05.06 04:08:07.951,1.94087,1.94116,1.00,1.19
2014.05.06 04:08:08.613,1.94087,1.94113,1.00,1.19
2014.05.06 04:08:08.918,1.94093,1.94113,1.00,1.19
2014.05.06 04:08:09.020,1.94091,1.94113,1.00,1.19
2014.05.06 04:08:09.272,1.94087,1.94113,1.00,1.19
2014.05.06 04:08:10.520,1.94087,1.94117,1.00,1.19
2014.05.06 04:08:11.649,1.94093,1.94117,1.00,1.19
2014.05.06 04:08:11.800,1.9409,1.94117,1.00,1.19
2014.05.06 04:08:11.925,1.9409,1.94121,1.00,1.19
2014.05.06 04:08:14.359,1.9409,1.94128,1.25,1.34
2014.05.06 04:08:14.410,1.94094,1.94128,1.00,1.27
2014.05.06 04:08:14.712,1.94103,1.94128,1.00,1.19
2014.05.06 04:08:14.763,1.94097,1.94128,1.00,1.19
2014.05.06 04:08:15.167,1.94101,1.94128,1.00,1.19
2014.05.06 04:08:15.836,1.94101,1.94131,1.00,1.19
2014.05.06 04:08:16.942,1.94101,1.94133,1.00,1.29
2014.05.06 04:08:17.845,1.94101,1.94124,1.00,1.19
2014.05.06 04:08:19.703,1.94097,1.94124,1.00,1.19
2014.05.06 04:08:19.980,1.94097,1.94122,1.00,1.19
2014.05.06 04:08:20.971,1.94097,1.9412,1.00,1.19
2014.05.06 04:08:21.436,1.94101,1.9412,1.00,1.19
2014.05.06 04:08:21.682,1.94098,1.9412,1.00,1.19
2014.05.06 04:08:22.461,1.94098,1.94121,1.00,1.19
2014.05.06 04:08:23.463,1.94098,1.9412,1.00,1.19
2014.05.06 04:08:24.465,1.94098,1.94121,1.00,1.19
2014.05.06 04:08:25.974,1.94098,1.94122,1.00,1.19
2014.05.06 04:08:27.486,1.94098,1.94121,1.00,1.19
2014.05.06 04:08:28.146,1.94087,1.94121,1.00,1.19
2014.05.06 04:08:31.499,1.94087,1.94119,1.00,1.19
2014.05.06 04:08:33.504,1.94087,1.9412,1.00,1.19
2014.05.06 04:08:34.554,1.94087,1.94118,1.00,1.19
2014.05.06 04:08:35.910,1.94087,1.94118,1.00,1.19
2014.05.06 04:08:40.827,1.94087,1.94117,1.00,1.19
2014.05.06 04:08:41.157,1.94081,1.94117,1.02,1.19
2014.05.06 04:08:41.560,1.94075,1.94108,1.00,1.19
2014.05.06 04:08:44.178,1.94075,1.94105,1.00,1.19
2014.05.06 04:08:45.167,1.94075,1.94106,1.00,1.19
2014.05.06 04:08:51.177,1.94075,1.94103,1.00,1.19
2014.05.06 04:08:54.057,1.94075,1.94105,1.00,1.19
2014.05.06 04:08:55.158,1.94075,1.94104,1.00,1.19
2014.05.06 04:08:57.867,1.94064,1.941,1.18,1.19
2014.05.06 04:08:57.968,1.94068,1.941,1.00,1.19
2014.05.06 04:08:59.167,1.94068,1.94096,1.00,1.19
2014.05.06 04:09:00.671,1.94068,1.94098,1.00,1.19
2014.05.06 04:09:02.174,1.94068,1.94097,1.00,1.19
2014.05.06 04:09:03.176,1.94068,1.94095,1.00,1.19
2014.05.06 04:09:03.550,1.94071,1.94095,1.00,1.19
2014.05.06 04:09:04.179,1.94071,1.94093,1.00,1.19
2014.05.06 04:09:05.135,1.94057,1.94093,1.15,1.19
2014.05.06 04:09:05.186,1.94056,1.94093,1.00,1.19
2014.05.06 04:09:06.221,1.94056,1.94086,1.00,1.19
2014.05.06 04:09:06.900,1.94061,1.94086,1.00,1.19
2014.05.06 04:09:07.454,1.94061,1.94086,1.00,1.19
2014.05.06 04:09:08.596,1.94061,1.94087,1.00,1.19
2014.05.06 04:09:11.108,1.94061,1.94085,1.00,1.19
2014.05.06 04:09:13.617,1.94061,1.94087,1.00,1.19
2014.05.06 04:09:15.923,1.94061,1.94086,1.00,1.19
2014.05.06 04:09:16.827,1.94061,1.94085,1.00,1.19
2014.05.06 04:09:16.928,1.94056,1.94085,1.00,1.19
2014.05.06 04:09:17.831,1.94056,1.94082,1.00,1.19
2014.05.06 04:09:19.035,1.94056,1.94083,1.00,1.19
2014.05.06 04:09:20.239,1.94056,1.94085,1.00,1.19
2014.05.06 04:09:27.898,1.94056,1.94088,1.00,1.34
2014.05.06 04:09:28.108,1.94051,1.94088,1.00,1.34
2014.05.06 04:09:38.788,1.94051,1.94084,1.19,1.10
2014.05.06 04:09:38.957,1.94064,1.94089,1.00,1.19
2014.05.06 04:09:39.008,1.9406,1.94089,1.00,1.19
2014.05.06 04:09:39.914,1.9406,1.94095,1.00,1.69
2014.05.06 04:09:41.098,1.9406,1.94095,1.00,1.69
2014.05.06 04:09:41.446,1.94051,1.94095,1.19,2.44
2014.05.06 04:09:42.172,1.94051,1.94095,1.19,2.59
2014.05.06 04:09:42.934,1.9405,1.94085,1.00,1.19
2014.05.06 04:09:44.385,1.94061,1.94086,1.00,1.19
2014.05.06 04:09:44.436,1.94061,1.94096,1.00,1.19
2014.05.06 04:09:44.605,1.94052,1.94094,1.19,1.19
2014.05.06 04:09:46.514,1.94052,1.94089,1.19,1.19
2014.05.06 04:09:47.173,1.94056,1.94089,1.00,1.19
2014.05.06 04:09:50.855,1.94056,1.94088,1.00,1.19
2014.05.06 04:09:51.206,1.94064,1.94088,1.00,1.19
2014.05.06 04:09:56.033,1.94064,1.94094,1.00,1.19
2014.05.06 04:09:57.937,1.94064,1.94093,1.00,1.19
2014.05.06 04:09:58.293,1.94056,1.94093,1.00,1.34
2014.05.06 04:10:00.242,1.94056,1.9409,1.00,1.27
2014.05.06 04:10:02.853,1.94056,1.94087,1.00,1.19
2014.05.06 04:10:05.993,1.94056,1.94088,1.00,1.19
2014.05.06 04:10:08.022,1.94056,1.94086,1.00,1.19
2014.05.06 04:10:14.906,1.94056,1.9409,1.00,1.27
2014.05.06 04:10:15.997,1.94056,1.94088,1.00,1.19
2014.05.06 04:10:16.175,1.94051,1.94088,1.00,1.19
2014.05.06 04:10:18.927,1.94051,1.94087,1.00,1.29
2014.05.06 04:10:21.612,1.94051,1.94085,1.00,1.19
2014.05.06 04:10:21.713,1.94049,1.94085,1.00,1.19
2014.05.06 04:10:21.895,1.94045,1.94085,1.19,1.19
2014.05.06 04:10:22.716,1.94045,1.94081,1.25,1.19
2014.05.06 04:10:23.636,1.94035,1.94073,1.19,1.19
2014.05.06 04:10:23.938,1.94027,1.94064,1.00,1.19
2014.05.06 04:10:24.448,1.94022,1.94064,1.19,1.19
2014.05.06 04:10:26.030,1.94026,1.9406,1.00,1.19
2014.05.06 04:10:27.111,1.94025,1.9406,1.00,1.19
2014.05.06 04:10:27.413,1.94025,1.94058,1.00,1.19
2014.05.06 04:10:27.566,1.9402,1.94058,1.19,1.19
2014.05.06 04:10:28.338,1.94021,1.9406,1.19,1.19
2014.05.06 04:10:30.964,1.94021,1.94063,1.19,1.19
2014.05.06 04:10:31.650,1.94025,1.94061,1.00,1.19
2014.05.06 04:10:32.657,1.94025,1.9406,1.00,1.19
2014.05.06 04:10:33.103,1.94025,1.94069,1.19,1.84
2014.05.06 04:10:36.468,1.94027,1.94069,1.19,1.19
2014.05.06 04:10:37.570,1.94029,1.94069,1.19,1.19
2014.05.06 04:10:38.873,1.94031,1.94069,1.19,1.00
2014.05.06 04:10:39.476,1.94031,1.94069,1.19,1.08
2014.05.06 04:10:40.177,1.94025,1.94069,1.19,1.27
2014.05.06 04:10:41.683,1.94027,1.94069,1.19,1.27
2014.05.06 04:10:43.722,1.94028,1.94066,1.19,1.00
2014.05.06 04:10:44.341,1.94023,1.94066,1.19,1.19
2014.05.06 04:10:52.811,1.94021,1.94066,1.19,1.19
2014.05.06 04:10:58.125,1.94016,1.94066,1.34,1.69
2014.05.06 04:10:59.226,1.94019,1.94066,1.19,1.19
2014.05.06 04:11:00.230,1.94021,1.94066,1.19,1.19
2014.05.06 04:11:00.331,1.94015,1.94066,1.40,1.19
2014.05.06 04:11:01.338,1.94016,1.94066,1.34,1.19
2014.05.06 04:11:01.646,1.94019,1.94069,1.34,1.19
2014.05.06 04:11:01.977,1.94016,1.94066,1.34,1.19
2014.05.06 04:11:02.486,1.9402,1.94066,1.19,1.19
2014.05.06 04:11:03.450,1.94019,1.94066,1.19,1.19
2014.05.06 04:11:04.762,1.94024,1.94069,1.27,1.19
2014.05.06 04:11:07.160,1.94021,1.94069,1.69,1.27
2014.05.06 04:11:08.795,1.94036,1.94069,1.00,1.27
2014.05.06 04:11:09.093,1.94036,1.94076,1.69,1.00
2014.05.06 04:11:09.144,1.94046,1.94076,1.00,1.00
2014.05.06 04:11:09.195,1.94046,1.94083,1.00,1.34
2014.05.06 04:11:11.477,1.94046,1.94087,1.19,1.34
2014.05.06 04:11:14.286,1.94046,1.94088,1.19,1.84
2014.05.06 04:11:15.889,1.94046,1.94086,1.19,1.37
2014.05.06 04:11:18.195,1.94046,1.94088,1.19,1.84
2014.05.06 04:11:23.206,1.94046,1.94088,1.19,1.84
2014.05.06 04:11:24.810,1.94046,1.94085,1.00,1.27
2014.05.06 04:11:25.913,1.94046,1.94083,1.00,1.19
2014.05.06 04:11:27.016,1.94046,1.94083,1.00,1.19
2014.05.06 04:11:28.920,1.94046,1.94085,1.25,1.27
2014.05.06 04:11:29.316,1.94039,1.94083,1.69,1.02
2014.05.06 04:11:29.971,1.94039,1.94074,1.00,1.19
2014.05.06 04:11:30.022,1.94035,1.94074,1.19,1.27
2014.05.06 04:11:30.072,1.94035,1.94074,1.19,1.34
2014.05.06 04:11:30.644,1.9404,1.94074,1.00,1.34
2014.05.06 04:11:31.210,1.9404,1.9407,1.00,1.27
2014.05.06 04:11:34.637,1.9404,1.94064,1.00,1.19
2014.05.06 04:11:35.154,1.94035,1.94064,1.00,1.19
2014.05.06 04:11:36.139,1.94035,1.9406,1.00,1.19
2014.05.06 04:11:38.720,1.94041,1.9406,1.00,1.19
2014.05.06 04:11:39.252,1.94041,1.94061,1.00,1.19
2014.05.06 04:11:41.474,1.94041,1.94062,1.00,1.19
2014.05.06 04:11:42.876,1.94041,1.94061,1.00,1.19
2014.05.06 04:11:43.215,1.94034,1.94061,1.00,1.19
2014.05.06 04:11:44.180,1.94034,1.9406,1.00,1.19
2014.05.06 04:11:46.085,1.94034,1.94059,1.00,1.19
2014.05.06 04:11:47.789,1.94034,1.94059,1.00,1.19
2014.05.06 04:11:52.399,1.94034,1.94063,1.00,1.19
2014.05.06 04:11:55.006,1.94034,1.94063,1.00,1.19
2014.05.06 04:11:57.811,1.94034,1.94061,1.00,1.19
2014.05.06 04:11:58.113,1.94034,1.94069,1.00,1.34
2014.05.06 04:11:58.164,1.94041,1.94069,1.00,1.34
2014.05.06 04:11:59.117,1.94041,1.94067,1.00,1.34
2014.05.06 04:12:00.936,1.94044,1.94066,1.00,1.19
2014.05.06 04:12:01.375,1.94044,1.94075,1.00,1.19
2014.05.06 04:12:03.868,1.94044,1.94075,1.00,1.19
2014.05.06 04:12:04.013,1.94041,1.94075,1.00,1.19
2014.05.06 04:12:09.250,1.94041,1.94075,1.00,1.19
2014.05.06 04:12:10.062,1.94041,1.94068,1.00,1.19
2014.05.06 04:12:11.055,1.94041,1.94072,1.00,1.19
2014.05.06 04:12:12.603,1.94049,1.94074,1.00,1.19
2014.05.06 04:12:12.981,1.94053,1.94074,1.00,1.19
2014.05.06 04:12:13.083,1.94053,1.94082,1.00,1.19
2014.05.06 04:12:18.175,1.94053,1.94079,1.00,1.19
2014.05.06 04:12:19.225,1.94049,1.94079,1.00,1.19
2014.05.06 04:12:19.278,1.94049,1.94074,1.00,1.19
2014.05.06 04:12:19.433,1.94031,1.94074,1.34,1.19
2014.05.06 04:12:21.784,1.94031,1.94071,1.19,1.29
2014.05.06 04:12:26.104,1.94031,1.94065,1.00,1.19
2014.05.06 04:12:28.626,1.94031,1.94064,1.00,1.19
2014.05.06 04:12:30.207,1.94031,1.94067,1.25,1.19
2014.05.06 04:12:32.256,1.9403,1.94063,1.00,1.19
2014.05.06 04:12:33.463,1.9403,1.94067,1.00,1.19
2014.05.06 04:12:34.923,1.9403,1.94067,1.00,1.19
2014.05.06 04:12:36.426,1.9403,1.94066,1.00,1.19
2014.05.06 04:12:39.131,1.9403,1.94067,1.00,1.19
2014.05.06 04:12:41.372,1.9403,1.94067,1.00,1.19
2014.05.06 04:12:45.083,1.9403,1.94073,1.00,1.34
2014.05.06 04:12:45.184,1.9403,1.94066,1.00,1.19
2014.05.06 04:12:50.995,1.9403,1.94067,1.00,1.19
2014.05.06 04:12:52.098,1.9403,1.94065,1.00,1.19
2014.05.06 04:12:56.307,1.9403,1.94063,1.00,1.19
2014.05.06 04:12:57.354,1.9403,1.9407,1.00,1.27
2014.05.06 04:12:57.873,1.94029,1.9407,1.00,1.27
2014.05.06 04:12:58.815,1.94029,1.94061,1.00,1.19
2014.05.06 04:12:59.384,1.94019,1.94057,1.37,1.00
2014.05.06 04:13:00.453,1.94019,1.94056,1.00,1.19
2014.05.06 04:13:01.474,1.94019,1.94055,1.00,1.19
2014.05.06 04:13:04.227,1.94019,1.94052,1.00,1.19
2014.05.06 04:13:04.403,1.94017,1.94052,1.00,1.19
2014.05.06 04:13:05.937,1.94017,1.94051,1.00,1.19
2014.05.06 04:13:07.738,1.94017,1.94049,1.00,1.19
2014.05.06 04:13:08.908,1.94025,1.94049,1.00,1.19
2014.05.06 04:13:09.288,1.94027,1.94049,1.00,1.19
2014.05.06 04:13:09.389,1.94029,1.9406,1.00,1.19
2014.05.06 04:13:10.680,1.94029,1.94063,1.00,1.37
2014.05.06 04:13:12.688,1.94029,1.94067,1.00,1.34
2014.05.06 04:13:15.998,1.94029,1.94064,1.00,1.34
2014.05.06 04:13:16.779,1.94029,1.94068,1.00,1.02
2014.05.06 04:13:18.151,1.94036,1.94066,1.00,1.34
2014.05.06 04:13:18.662,1.94028,1.94066,1.25,1.19
2014.05.06 04:13:18.882,1.94035,1.94066,1.00,1.19
2014.05.06 04:13:19.335,1.94028,1.94066,1.25,1.19
2014.05.06 04:13:19.908,1.94028,1.94067,1.25,1.29
2014.05.06 04:13:20.123,1.94035,1.94067,1.00,1.29
2014.05.06 04:13:21.516,1.94035,1.94068,1.00,1.27
2014.05.06 04:13:24.018,1.94035,1.94069,1.00,1.27
2014.05.06 04:13:25.080,1.94046,1.94069,1.00,1.27
2014.05.06 04:13:25.131,1.94046,1.94077,1.00,1.50
2014.05.06 04:13:25.232,1.94046,1.9408,1.00,1.34
2014.05.06 04:13:26.524,1.94046,1.94076,1.00,1.19
2014.05.06 04:13:28.132,1.94046,1.94079,1.00,1.19
2014.05.06 04:13:34.073,1.94045,1.94079,1.00,1.19
2014.05.06 04:13:34.124,1.94037,1.94079,1.19,1.19
2014.05.06 04:13:34.657,1.94037,1.94079,1.19,1.34
2014.05.06 04:13:36.543,1.94037,1.94074,1.00,1.29
2014.05.06 04:13:41.852,1.94037,1.94069,1.00,1.19
2014.05.06 04:13:44.055,1.94037,1.94074,1.00,1.29
2014.05.06 04:13:45.172,1.94037,1.9407,1.00,1.19
2014.05.06 04:13:52.252,1.94036,1.9407,1.00,1.19
2014.05.06 04:13:52.302,1.94035,1.94071,1.00,1.19
2014.05.06 04:13:52.851,1.94026,1.94071,1.19,1.34
2014.05.06 04:13:53.275,1.94026,1.94065,1.25,1.19
2014.05.06 04:13:53.705,1.94026,1.94056,1.25,1.00
2014.05.06 04:13:54.083,1.94026,1.94048,1.00,1.00
2014.05.06 04:13:54.134,1.94026,1.94051,1.00,1.00
2014.05.06 04:13:55.051,1.94016,1.94051,1.25,1.25
2014.05.06 04:13:55.152,1.94016,1.94045,1.25,1.00
2014.05.06 04:14:02.604,1.94016,1.94047,1.00,1.19
2014.05.06 04:14:03.707,1.94016,1.94047,1.00,1.00
2014.05.06 04:14:09.116,1.94016,1.94047,1.19,1.00
2014.05.06 04:14:10.640,1.94016,1.94047,1.19,1.00
2014.05.06 04:14:17.572,1.94016,1.94047,1.19,1.00
2014.05.06 04:14:17.874,1.94026,1.94057,1.00,1.19
2014.05.06 04:14:18.636,1.94026,1.94059,1.00,1.19
2014.05.06 04:14:18.842,1.94016,1.94059,1.19,1.19
2014.05.06 04:14:18.893,1.94016,1.94053,1.19,1.00
2014.05.06 04:14:19.641,1.94016,1.94053,1.19,1.19
2014.05.06 04:14:20.874,1.94016,1.94053,1.19,1.19
2014.05.06 04:14:21.372,1.94025,1.94053,1.00,1.19
2014.05.06 04:14:21.992,1.94025,1.94059,1.00,1.19
2014.05.06 04:14:22.142,1.94015,1.94059,2.07,1.19
2014.05.06 04:14:22.193,1.94015,1.94048,1.32,1.00
2014.05.06 04:14:22.528,1.94015,1.94052,1.19,1.00
2014.05.06 04:14:22.951,1.94015,1.94052,1.19,1.25
2014.05.06 04:14:24.356,1.94015,1.94052,1.19,1.00
2014.05.06 04:14:24.923,1.94015,1.94057,1.19,1.69
2014.05.06 04:14:25.163,1.94009,1.94045,1.19,1.00
2014.05.06 04:14:25.466,1.94009,1.94037,1.19,1.00
2014.05.06 04:14:25.975,1.94006,1.94037,1.25,1.00
2014.05.06 04:14:26.568,1.94006,1.94037,1.00,1.19
2014.05.06 04:14:28.073,1.94006,1.94037,1.00,1.25
2014.05.06 04:14:28.412,1.93996,1.94037,1.29,1.25
2014.05.06 04:14:28.462,1.93996,1.94031,1.29,1.00
2014.05.06 04:14:29.177,1.93996,1.94031,1.19,1.00
2014.05.06 04:14:30.832,1.94005,1.94031,1.00,1.00
2014.05.06 04:14:30.882,1.94005,1.94038,1.00,1.19
2014.05.06 04:14:32.621,1.94005,1.94031,1.00,1.00
2014.05.06 04:14:33.339,1.93996,1.94031,1.19,1.00
2014.05.06 04:14:33.441,1.93996,1.94026,1.19,1.00
2014.05.06 04:14:33.604,1.93996,1.94026,1.00,1.00
2014.05.06 04:14:33.705,1.93996,1.94032,1.00,1.19
2014.05.06 04:14:35.097,1.93996,1.94028,1.00,1.69
2014.05.06 04:14:36.769,1.93996,1.94022,1.00,1.00
2014.05.06 04:14:36.970,1.93996,1.94025,1.00,1.25
2014.05.06 04:14:38.611,1.93995,1.94025,1.00,1.00
2014.05.06 04:14:39.313,1.93996,1.94025,1.00,1.00
2014.05.06 04:14:41.116,1.93995,1.94025,1.25,1.00
2014.05.06 04:14:41.217,1.93995,1.94025,1.00,1.19
2014.05.06 04:14:41.713,1.93995,1.9402,1.00,1.00
2014.05.06 04:14:42.665,1.93995,1.9402,1.00,1.19
2014.05.06 04:14:43.824,1.93995,1.9402,1.00,1.25
2014.05.06 04:14:47.834,1.93995,1.94022,1.00,1.19
2014.05.06 04:14:49.316,1.93996,1.94022,1.00,1.19
2014.05.06 04:14:52.951,1.93996,1.94026,1.00,1.19
2014.05.06 04:14:54.657,1.93996,1.94025,1.00,1.19
2014.05.06 04:15:00.866,1.93996,1.9403,1.25,1.00
2014.05.06 04:15:01.410,1.93996,1.94034,1.25,1.69
2014.05.06 04:15:02.172,1.93996,1.94033,1.19,1.19
2014.05.06 04:15:02.371,1.94006,1.94033,1.00,1.19
2014.05.06 04:15:02.422,1.94006,1.94034,1.00,1.19
2014.05.06 04:15:03.590,1.94006,1.94031,1.00,1.19
2014.05.06 04:15:04.583,1.94006,1.94033,1.00,1.19
2014.05.06 04:15:05.985,1.94006,1.94031,1.00,1.19
2014.05.06 04:15:07.589,1.94006,1.94032,1.00,1.19
2014.05.06 04:15:09.193,1.94006,1.94034,1.00,1.69
2014.05.06 04:15:16.047,1.94006,1.94031,1.00,1.19
2014.05.06 04:15:18.113,1.94006,1.94034,1.00,1.19
2014.05.06 04:15:19.917,1.94006,1.94032,1.00,1.19
2014.05.06 04:15:20.632,1.93995,1.94032,1.19,1.19
2014.05.06 04:15:21.333,1.93995,1.94039,1.34,1.19
2014.05.06 04:15:21.434,1.94006,1.94039,1.00,1.19
2014.05.06 04:15:31.029,1.94006,1.94043,1.10,1.19
2014.05.06 04:15:36.011,1.94007,1.94043,1.23,1.19
2014.05.06 04:15:36.571,1.94007,1.94049,1.02,1.19
2014.05.06 04:15:38.851,1.94015,1.94049,1.00,1.19
2014.05.06 04:15:39.881,1.94015,1.94048,1.00,1.19
2014.05.06 04:15:40.382,1.94016,1.94058,1.00,1.19
2014.05.06 04:15:40.887,1.94015,1.94058,1.00,1.19
2014.05.06 04:15:41.695,1.94015,1.94053,1.00,1.19
2014.05.06 04:15:43.695,1.94015,1.94054,1.25,1.19
2014.05.06 04:15:48.099,1.94015,1.94052,1.00,1.19
2014.05.06 04:15:49.323,1.94025,1.94056,1.00,1.69
2014.05.06 04:15:50.911,1.94025,1.94061,1.00,1.19
2014.05.06 04:15:52.961,1.94025,1.94065,1.19,1.19
2014.05.06 04:15:53.915,1.94025,1.94065,1.19,1.19
2014.05.06 04:15:55.119,1.94025,1.94063,1.19,1.19
2014.05.06 04:16:00.733,1.94025,1.94061,1.25,1.19
2014.05.06 04:16:03.641,1.94025,1.9406,1.00,1.19
2014.05.06 04:16:04.870,1.94025,1.94061,1.00,1.69
2014.05.06 04:16:05.400,1.94025,1.94051,1.00,1.00
2014.05.06 04:16:18.278,1.94015,1.94051,1.34,1.00
2014.05.06 04:16:18.404,1.94015,1.9404,1.34,1.00
2014.05.06 04:16:18.945,1.94015,1.94042,1.19,1.00
2014.05.06 04:16:19.393,1.94015,1.94042,1.25,1.00
2014.05.06 04:16:21.138,1.94015,1.94035,1.00,1.00
2014.05.06 04:16:21.899,1.94015,1.94036,1.00,1.00
2014.05.06 04:16:27.799,1.94006,1.94036,1.19,1.00
2014.05.06 04:16:28.908,1.94006,1.94036,1.19,1.00
2014.05.06 04:16:29.559,1.94016,1.94036,1.00,1.00
2014.05.06 04:16:29.610,1.94016,1.94042,1.00,1.25
2014.05.06 04:16:32.052,1.94016,1.94048,1.00,1.25
2014.05.06 04:16:32.258,1.94016,1.94043,1.00,1.00
2014.05.06 04:16:32.560,1.94025,1.94051,1.00,1.19
2014.05.06 04:16:32.661,1.94026,1.94055,1.00,1.25
2014.05.06 04:16:33.668,1.94026,1.94055,1.00,1.19
2014.05.06 04:16:34.012,1.94026,1.94049,1.00,1.00
2014.05.06 04:16:34.789,1.94026,1.94054,1.00,1.25
2014.05.06 04:16:34.890,1.94026,1.94049,1.00,1.00
2014.05.06 04:16:35.095,1.94016,1.94049,1.29,1.00
2014.05.06 04:16:35.397,1.94026,1.94049,1.00,1.00
2014.05.06 04:16:36.871,1.94026,1.94048,1.00,1.19
2014.05.06 04:16:37.881,1.94026,1.94047,1.00,1.19
2014.05.06 04:16:39.201,1.94026,1.94048,1.00,1.19
2014.05.06 04:16:40.165,1.94015,1.94042,1.00,1.00
2014.05.06 04:16:45.146,1.94015,1.94035,1.00,1.00
2014.05.06 04:16:51.339,1.94005,1.94035,1.19,1.00
2014.05.06 04:16:52.999,1.94005,1.94035,1.00,1.00
2014.05.06 04:16:55.260,1.94005,1.94035,1.15,1.00
2014.05.06 04:16:56.025,1.9401,1.94035,1.27,1.00
2014.05.06 04:16:59.213,1.9401,1.94035,1.27,1.00
2014.05.06 04:16:59.810,1.94026,1.94035,1.00,1.00
2014.05.06 04:17:00.880,1.94026,1.9405,1.00,1.19
2014.05.06 04:17:00.961,1.94036,1.9405,1.00,1.00
2014.05.06 04:17:01.373,1.94025,1.9405,1.19,1.00
2014.05.06 04:17:01.424,1.94025,1.9406,1.19,1.25
2014.05.06 04:17:01.525,1.94025,1.9406,1.19,1.00
2014.05.06 04:17:01.834,1.94036,1.94066,1.00,1.00
2014.05.06 04:17:02.140,1.94026,1.94054,1.34,1.00
2014.05.06 04:17:02.191,1.94026,1.94066,1.34,1.00
2014.05.06 04:17:02.398,1.94026,1.94066,1.34,1.00
2014.05.06 04:17:02.448,1.94026,1.94072,1.34,1.19
2014.05.06 04:17:02.499,1.94028,1.94072,1.02,1.19
2014.05.06 04:17:02.819,1.94028,1.94059,1.29,1.00
2014.05.06 04:17:02.870,1.94028,1.94072,1.29,1.19
2014.05.06 04:17:03.959,1.94025,1.94069,1.84,1.00
2014.05.06 04:17:04.169,1.94025,1.94071,1.84,1.25
2014.05.06 04:17:05.948,1.94025,1.94071,1.34,1.19
2014.05.06 04:17:06.476,1.94028,1.94071,1.02,1.19
2014.05.06 04:17:07.040,1.94029,1.94071,1.34,1.00
2014.05.06 04:17:08.254,1.94032,1.94071,1.37,1.00
2014.05.06 04:17:10.897,1.94032,1.94069,1.37,1.00
2014.05.06 04:17:13.060,1.94028,1.94069,1.30,1.19
2014.05.06 04:17:15.968,1.94028,1.94069,1.02,1.25
2014.05.06 04:17:18.409,1.94028,1.94069,1.30,1.19
2014.05.06 04:17:19.809,1.94036,1.94069,1.00,1.19
2014.05.06 04:17:25.094,1.94036,1.94068,1.19,1.00
2014.05.06 04:17:26.097,1.94036,1.94068,1.00,1.00
2014.05.06 04:17:27.100,1.94036,1.94068,1.19,1.00
2014.05.06 04:17:28.202,1.94036,1.94068,1.19,1.00
2014.05.06 04:17:32.414,1.94036,1.94068,1.19,1.00
2014.05.06 04:17:33.917,1.94036,1.94068,1.19,1.00
2014.05.06 04:17:40.834,1.94036,1.94068,1.19,1.00
2014.05.06 04:17:42.138,1.94036,1.94068,1.19,1.00
2014.05.06 04:17:43.742,1.94036,1.94068,1.19,1.00
2014.05.06 04:17:49.189,1.94036,1.94068,1.19,1.00
2014.05.06 04:17:49.290,1.94042,1.94078,1.00,1.19
2014.05.06 04:17:49.599,1.94056,1.94083,1.84,1.00
2014.05.06 04:17:49.928,1.94056,1.94097,1.84,1.00
2014.05.06 04:17:51.171,1.94062,1.94097,1.29,1.00
2014.05.06 04:17:54.802,1.9407,1.94097,1.19,1.00
2014.05.06 04:17:55.462,1.9407,1.94101,1.19,1.00
2014.05.06 04:17:55.871,1.9407,1.94097,1.19,1.00
2014.05.06 04:17:56.123,1.94062,1.94097,1.34,1.00
2014.05.06 04:17:56.733,1.94062,1.94096,1.34,1.00
2014.05.06 04:17:57.985,1.94055,1.94088,1.34,1.00
2014.05.06 04:17:58.086,1.94046,1.94088,1.77,1.19
2014.05.06 04:17:58.188,1.94045,1.94064,1.27,1.00
2014.05.06 04:17:58.618,1.94041,1.94069,1.19,1.00
2014.05.06 04:17:58.871,1.94041,1.94073,1.19,1.00
2014.05.06 04:17:59.290,1.94039,1.94073,1.29,1.00
2014.05.06 04:18:03.897,1.94041,1.94073,1.19,1.00
2014.05.06 04:18:04.559,1.94041,1.94078,1.19,1.00
2014.05.06 04:18:05.042,1.94041,1.94081,1.19,1.25
2014.05.06 04:18:06.030,1.94042,1.94081,1.19,1.00
2014.05.06 04:18:08.113,1.94041,1.94081,1.19,1.00
2014.05.06 04:18:08.408,1.94041,1.94074,1.19,1.00
2014.05.06 04:18:08.614,1.94036,1.94074,1.34,1.00
2014.05.06 04:18:09.663,1.94035,1.94074,1.34,1.00
2014.05.06 04:18:09.719,1.9404,1.94074,1.19,1.00
2014.05.06 04:18:10.651,1.9404,1.94085,1.19,1.19
2014.05.06 04:18:11.222,1.9404,1.94085,1.19,1.19
2014.05.06 04:18:13.873,1.94033,1.94085,1.34,1.19
2014.05.06 04:18:14.946,1.94036,1.94084,1.34,1.19
2014.05.06 04:18:17.212,1.94036,1.94076,1.34,1.00
2014.05.06 04:18:17.515,1.9403,1.94069,1.77,1.25
2014.05.06 04:18:18.062,1.9403,1.94069,1.34,1.25
2014.05.06 04:18:18.578,1.94033,1.94074,1.19,1.19
2014.05.06 04:18:21.882,1.94033,1.94074,1.19,1.19
2014.05.06 04:18:22.184,1.94033,1.94074,1.77,1.19
2014.05.06 04:18:23.528,1.94035,1.94074,1.34,1.00
2014.05.06 04:18:24.143,1.94035,1.94077,1.34,1.19
2014.05.06 04:18:25.835,1.94035,1.94077,1.34,1.19
2014.05.06 04:18:26.903,1.94034,1.94081,1.34,1.19
2014.05.06 04:18:26.954,1.94038,1.94081,1.02,1.19
2014.05.06 04:18:27.439,1.9404,1.94081,1.02,1.19
2014.05.06 04:18:30.127,1.94041,1.94086,1.02,1.19
2014.05.06 04:18:31.904,1.94041,1.94086,1.77,1.19
2014.05.06 04:18:34.909,1.94042,1.94086,1.34,1.19
2014.05.06 04:18:36.615,1.94046,1.94086,1.27,1.25
2014.05.06 04:18:37.161,1.94041,1.94086,1.02,1.19
2014.05.06 04:18:38.120,1.94041,1.94086,1.02,1.19
2014.05.06 04:18:47.732,1.9404,1.94086,1.34,1.19
2014.05.06 04:18:48.060,1.94037,1.94086,1.30,1.19
2014.05.06 04:18:49.885,1.94037,1.94086,1.02,1.19
2014.05.06 04:18:52.046,1.94037,1.94086,1.02,1.19
2014.05.06 04:18:52.189,1.94041,1.94086,1.34,1.19
2014.05.06 04:18:52.529,1.94044,1.94086,1.02,1.19
2014.05.06 04:18:53.289,1.94044,1.94086,1.02,1.19
2014.05.06 04:18:54.458,1.94046,1.94092,1.34,1.19
2014.05.06 04:18:56.062,1.94048,1.94094,1.34,1.19
2014.05.06 04:19:02.880,1.94044,1.94092,1.02,1.19
2014.05.06 04:19:03.022,1.9405,1.94095,1.27,1.19
2014.05.06 04:19:03.985,1.9405,1.94095,1.27,1.19
2014.05.06 04:19:05.994,1.94044,1.94091,1.02,1.19
2014.05.06 04:19:09.418,1.94049,1.94095,1.37,1.69
2014.05.06 04:19:11.410,1.94048,1.94095,1.34,1.19
2014.05.06 04:19:14.121,1.94044,1.94094,1.77,1.19
2014.05.06 04:19:17.930,1.94046,1.94093,1.34,1.19
2014.05.06 04:19:20.034,1.94046,1.94095,1.34,1.19
2014.05.06 04:19:24.042,1.94045,1.94095,1.34,1.69
2014.05.06 04:19:26.648,1.94047,1.94095,1.34,1.69
2014.05.06 04:19:28.564,1.9405,1.94095,1.37,1.19
2014.05.06 04:19:31.507,1.94049,1.94095,1.34,1.19
2014.05.06 04:19:34.867,1.94048,1.94094,1.02,1.19
2014.05.06 04:19:42.100,1.94048,1.94093,1.02,1.19
2014.05.06 04:19:42.219,1.94047,1.94093,1.29,1.19
2014.05.06 04:19:46.097,1.94046,1.94092,1.27,1.19
2014.05.06 04:19:46.718,1.94045,1.94094,1.27,1.19
2014.05.06 04:19:48.201,1.94046,1.94092,1.77,1.19
2014.05.06 04:19:49.909,1.94047,1.94093,1.29,1.19
2014.05.06 04:19:51.510,1.94048,1.94096,1.19,1.29
2014.05.06 04:19:52.534,1.9405,1.94096,1.19,1.29
2014.05.06 04:19:56.421,1.94046,1.94097,1.27,1.27
2014.05.06 04:19:57.121,1.94048,1.94094,1.19,1.19
2014.05.06 04:19:58.124,1.94049,1.94097,1.19,1.77
2014.05.06 04:20:00.949,1.9405,1.94096,1.19,1.29
2014.05.06 04:20:02.536,1.94045,1.94092,1.27,1.19
2014.05.06 04:20:03.640,1.94046,1.94091,1.29,1.19
2014.05.06 04:20:09.862,1.94043,1.94091,1.34,1.69
2014.05.06 04:20:14.563,1.94043,1.94089,1.34,1.19
2014.05.06 04:20:16.315,1.94041,1.94089,1.34,1.19
2014.05.06 04:20:17.782,1.94044,1.94091,1.37,1.69
2014.05.06 04:20:21.725,1.94047,1.94091,1.19,1.19
2014.05.06 04:20:22.881,1.94046,1.94091,1.29,1.19
2014.05.06 04:20:27.735,1.9405,1.94091,1.19,1.19
2014.05.06 04:20:31.509,1.94049,1.94095,1.34,1.19
2014.05.06 04:20:33.115,1.94048,1.94096,1.34,1.19
2014.05.06 04:20:37.828,1.94047,1.94093,1.34,1.19
2014.05.06 04:20:39.030,1.94046,1.94094,1.34,1.19
2014.05.06 04:20:40.167,1.94045,1.9409,1.77,1.19
2014.05.06 04:20:40.499,1.94045,1.94075,1.02,1.00
2014.05.06 04:20:41.530,1.94043,1.94075,1.27,1.00
2014.05.06 04:20:41.631,1.94043,1.94077,1.19,1.00
2014.05.06 04:20:42.293,1.94037,1.94077,1.27,1.00
2014.05.06 04:20:43.865,1.94035,1.94077,2.59,1.19
2014.05.06 04:20:46.061,1.94037,1.94077,1.27,1.19
2014.05.06 04:20:48.068,1.94045,1.94077,1.19,1.00
2014.05.06 04:20:48.119,1.94046,1.94088,1.69,1.27
2014.05.06 04:20:48.649,1.94045,1.94084,1.37,1.00
2014.05.06 04:20:49.674,1.94041,1.94084,1.69,1.19
2014.05.06 04:20:50.741,1.94046,1.94087,1.37,1.19
2014.05.06 04:20:51.054,1.94045,1.94078,1.34,1.00
2014.05.06 04:20:51.980,1.94042,1.94078,1.19,1.00
2014.05.06 04:20:52.749,1.94042,1.94083,1.69,1.25
2014.05.06 04:20:53.686,1.94042,1.94083,1.69,1.19
2014.05.06 04:20:56.291,1.94042,1.94083,1.69,1.00
2014.05.06 04:20:57.116,1.94042,1.9408,1.19,1.00
2014.05.06 04:20:57.911,1.94039,1.9408,1.37,1.00
2014.05.06 04:20:58.876,1.94039,1.94082,1.37,1.19
2014.05.06 04:20:59.665,1.94041,1.94082,1.34,1.25
2014.05.06 04:21:01.304,1.94046,1.94082,1.27,1.00
2014.05.06 04:21:04.013,1.94046,1.94082,1.08,1.19
2014.05.06 04:21:05.015,1.94046,1.94082,1.27,1.19
2014.05.06 04:21:06.406,1.9404,1.94079,1.77,1.00
2014.05.06 04:21:11.981,1.94043,1.94079,1.34,1.00
2014.05.06 04:21:12.185,1.94043,1.94084,1.34,1.19
2014.05.06 04:21:12.834,1.94045,1.94084,1.37,1.00
2014.05.06 04:21:12.885,1.94045,1.94087,1.37,1.19
2014.05.06 04:21:13.200,1.94045,1.94083,1.19,1.00
2014.05.06 04:21:16.441,1.94046,1.94083,1.19,1.00
2014.05.06 04:21:16.742,1.94043,1.94083,1.19,1.00
2014.05.06 04:21:18.946,1.94043,1.94083,1.19,1.25
2014.05.06 04:21:20.557,1.94044,1.94083,1.19,1.00
2014.05.06 04:21:23.073,1.94045,1.94083,1.19,1.00
2014.05.06 04:21:25.062,1.94043,1.94083,1.19,1.25
2014.05.06 04:21:30.973,1.94043,1.94083,1.19,1.19
2014.05.06 04:21:34.023,1.94043,1.94083,1.19,1.19
2014.05.06 04:21:35.026,1.94043,1.94083,1.19,1.19
2014.05.06 04:21:38.289,1.94043,1.94079,1.00,1.19
2014.05.06 04:21:38.441,1.94036,1.94067,1.19,1.00
2014.05.06 04:21:39.437,1.94036,1.94067,1.25,1.00
2014.05.06 04:21:43.365,1.94036,1.9407,1.25,1.19
2014.05.06 04:21:43.951,1.94036,1.94067,1.25,1.00
2014.05.06 04:21:45.160,1.94035,1.94067,1.19,1.00
2014.05.06 04:21:46.115,1.94035,1.94074,1.19,1.19
2014.05.06 04:21:46.166,1.94035,1.94074,1.19,1.19
2014.05.06 04:21:47.621,1.94035,1.94073,1.19,1.25
2014.05.06 04:21:48.725,1.94036,1.94079,1.19,1.29
2014.05.06 04:21:49.828,1.94036,1.94079,1.19,1.29
2014.05.06 04:21:51.543,1.94038,1.94079,1.19,1.10
2014.05.06 04:21:52.047,1.94038,1.94078,1.19,1.00
2014.05.06 04:21:52.639,1.94037,1.94078,1.19,1.19
2014.05.06 04:21:54.847,1.94037,1.94078,1.19,1.19
2014.05.06 04:21:58.055,1.94037,1.94078,1.19,1.19
2014.05.06 04:21:59.358,1.94037,1.94078,1.19,1.19
2014.05.06 04:22:08.077,1.94037,1.94078,1.19,1.19
2014.05.06 04:22:10.382,1.94037,1.94078,1.19,1.19
2014.05.06 04:22:11.384,1.94037,1.94078,1.19,1.69
2014.05.06 04:22:14.089,1.94037,1.94078,1.00,1.69
2014.05.06 04:22:15.997,1.94037,1.94076,1.00,1.19
2014.05.06 04:22:17.196,1.94037,1.94078,1.25,1.69
2014.05.06 04:22:17.814,1.94046,1.94078,1.00,1.69
2014.05.06 04:22:18.016,1.94046,1.94085,1.00,1.69
2014.05.06 04:22:18.564,1.94044,1.94085,1.19,1.69
2014.05.06 04:22:20.804,1.94044,1.94085,1.19,1.19
2014.05.06 04:22:21.463,1.94038,1.94078,1.27,1.00
2014.05.06 04:22:22.745,1.94037,1.94078,1.37,1.69
2014.05.06 04:22:26.239,1.94036,1.94073,1.00,1.19
2014.05.06 04:22:31.439,1.94036,1.94073,1.00,1.19
2014.05.06 04:22:33.654,1.94032,1.94073,1.25,1.19
2014.05.06 04:22:33.874,1.94036,1.94073,1.00,1.19
2014.05.06 04:22:36.154,1.94036,1.94073,1.00,1.19
2014.05.06 04:22:38.405,1.94032,1.94072,1.19,1.19
2014.05.06 04:22:40.504,1.94028,1.94073,1.19,1.27
2014.05.06 04:22:41.396,1.94029,1.94071,1.19,1.34
2014.05.06 04:22:42.874,1.94029,1.94072,1.19,1.34
2014.05.06 04:22:47.887,1.94029,1.94072,1.19,1.34
2014.05.06 04:22:48.278,1.94029,1.94065,1.00,1.19
2014.05.06 04:22:49.897,1.94029,1.94071,1.19,1.34
2014.05.06 04:22:52.007,1.94029,1.94072,1.19,1.34
2014.05.06 04:22:57.818,1.94029,1.9407,1.19,1.34
2014.05.06 04:22:59.827,1.94029,1.9407,1.00,1.34
2014.05.06 04:23:01.756,1.94029,1.9407,1.25,1.27
2014.05.06 04:23:04.038,1.94029,1.94072,1.19,1.34
2014.05.06 04:23:06.948,1.94029,1.94072,1.19,1.34
2014.05.06 04:23:09.051,1.94029,1.94072,1.19,1.34
2014.05.06 04:23:10.157,1.94029,1.94073,1.19,1.34
2014.05.06 04:23:11.358,1.94029,1.94073,1.19,1.34
2014.05.06 04:23:12.562,1.94029,1.94073,1.19,1.34
2014.05.06 04:23:17.189,1.94029,1.94073,1.19,1.34
2014.05.06 04:23:18.879,1.94029,1.94073,1.19,1.84
2014.05.06 04:23:21.484,1.94029,1.94071,1.19,1.37
2014.05.06 04:23:25.891,1.94029,1.9407,1.00,1.29
2014.05.06 04:23:30.600,1.94029,1.94073,1.19,1.34
2014.05.06 04:23:33.230,1.94029,1.94071,1.19,1.37
2014.05.06 04:23:34.951,1.94027,1.94072,1.19,1.34
2014.05.06 04:23:36.016,1.94028,1.94072,1.19,1.34
2014.05.06 04:23:38.841,1.94028,1.94072,1.19,1.34
2014.05.06 04:23:42.031,1.94026,1.94072,1.69,1.77
2014.05.06 04:23:44.874,1.94026,1.94072,1.69,1.27
2014.05.06 04:23:45.664,1.94026,1.94072,1.69,1.94
2014.05.06 04:23:45.967,1.94026,1.94032,1.00,1.00
2014.05.06 04:23:46.068,1.93999,1.94032,1.27,1.00
2014.05.06 04:23:46.169,1.93999,1.94026,1.27,1.00
2014.05.06 04:23:47.645,1.93997,1.94026,1.34,1.00
2014.05.06 04:23:48.847,1.93996,1.94026,1.34,1.00
2014.05.06 04:23:49.849,1.93997,1.94026,1.34,1.00
2014.05.06 04:23:50.953,1.93997,1.94026,1.34,1.00
2014.05.06 04:23:51.403,1.94005,1.94029,1.00,1.00
2014.05.06 04:23:56.006,1.94005,1.94029,1.19,1.00
2014.05.06 04:23:57.471,1.94005,1.94029,1.19,1.00
2014.05.06 04:23:59.562,1.94016,1.94029,1.00,1.00
2014.05.06 04:24:01.104,1.94005,1.94029,1.00,1.00
2014.05.06 04:24:01.356,1.94015,1.94029,1.00,1.00
2014.05.06 04:24:01.653,1.94005,1.94029,1.00,1.00
2014.05.06 04:24:05.593,1.94005,1.94025,1.00,1.00
2014.05.06 04:24:06.473,1.94005,1.94028,1.00,1.00
2014.05.06 04:24:07.025,1.94005,1.94032,1.00,1.25
2014.05.06 04:24:08.107,1.94005,1.94032,1.00,1.19
2014.05.06 04:24:09.210,1.94005,1.94032,1.00,1.00
2014.05.06 04:24:14.103,1.93992,1.94032,1.34,1.25
2014.05.06 04:24:14.205,1.93992,1.94029,1.34,1.00
2014.05.06 04:24:16.233,1.93994,1.94029,1.34,1.00
2014.05.06 04:24:20.237,1.9399,1.94029,1.77,1.25
2014.05.06 04:24:26.801,1.93987,1.94029,1.34,1.00
2014.05.06 04:24:31.470,1.9399,1.94029,1.34,1.00
2014.05.06 04:24:31.794,1.93985,1.94005,1.19,1.00
2014.05.06 04:24:31.946,1.93985,1.94029,1.69,1.69
2014.05.06 04:24:31.996,1.93985,1.94029,2.44,1.19
2014.05.06 04:24:32.592,1.93988,1.94029,1.02,1.19
2014.05.06 04:24:36.225,1.93995,1.94033,1.29,1.19
2014.05.06 04:24:36.427,1.93995,1.94033,1.37,1.19
2014.05.06 04:24:36.756,1.93996,1.94036,1.02,1.19
2014.05.06 04:24:37.087,1.94003,1.94036,1.29,1.00
2014.05.06 04:24:37.873,1.94003,1.94035,1.29,1.00
2014.05.06 04:24:38.994,1.93996,1.94035,1.77,1.00
2014.05.06 04:24:46.442,1.93996,1.9403,1.02,1.00
2014.05.06 04:24:47.127,1.93996,1.94029,1.02,1.00
2014.05.06 04:24:49.420,1.93996,1.94032,1.02,1.00
2014.05.06 04:24:49.572,1.94006,1.94032,1.00,1.00
2014.05.06 04:24:49.674,1.94006,1.94037,1.19,1.00
2014.05.06 04:24:49.875,1.94006,1.9404,1.19,1.00
2014.05.06 04:24:50.182,1.94006,1.94043,1.19,1.25
2014.05.06 04:24:50.828,1.94006,1.94043,1.19,1.25
2014.05.06 04:24:51.838,1.94006,1.94043,1.19,1.00
2014.05.06 04:24:53.372,1.94005,1.94041,1.34,1.00
2014.05.06 04:24:53.922,1.94005,1.94038,1.34,1.00
2014.05.06 04:24:53.972,1.94002,1.94038,1.77,1.00
2014.05.06 04:24:59.905,1.94003,1.94038,1.34,1.00
2014.05.06 04:25:01.172,1.94003,1.94038,1.34,1.00
2014.05.06 04:25:02.401,1.94003,1.94036,1.34,1.00
2014.05.06 04:25:02.656,1.94008,1.94042,1.27,1.00
2014.05.06 04:25:02.988,1.94008,1.94039,1.27,1.00
2014.05.06 04:25:03.190,1.94008,1.94042,1.27,1.00
2014.05.06 04:25:03.527,1.94008,1.9404,1.27,1.00
2014.05.06 04:25:03.577,1.94006,1.9404,1.37,1.00
2014.05.06 04:25:03.628,1.94006,1.94042,1.37,1.00
2014.05.06 04:25:03.932,1.94006,1.9404,1.37,1.00
2014.05.06 04:25:04.152,1.94006,1.94043,1.37,1.00
2014.05.06 04:25:04.397,1.94006,1.9404,1.37,1.00
2014.05.06 04:25:04.601,1.94006,1.94042,1.37,1.00
2014.05.06 04:25:04.922,1.94006,1.94044,1.37,1.00
2014.05.06 04:25:05.472,1.94006,1.94042,1.37,1.00
2014.05.06 04:25:05.885,1.94005,1.94042,1.34,1.00
2014.05.06 04:25:06.137,1.94005,1.94039,1.34,1.00
2014.05.06 04:25:07.062,1.94016,1.94039,1.00,1.00
2014.05.06 04:25:07.580,1.94016,1.9404,1.00,1.00
2014.05.06 04:25:08.662,1.94016,1.94045,1.25,1.00
2014.05.06 04:25:08.763,1.94016,1.94045,1.40,1.00
2014.05.06 04:25:09.102,1.94026,1.94052,1.00,1.00
2014.05.06 04:25:12.929,1.94016,1.94052,1.77,1.00
2014.05.06 04:25:14.114,1.94017,1.94052,1.29,1.00
2014.05.06 04:25:14.382,1.94017,1.94055,1.29,1.00
2014.05.06 04:25:14.634,1.94025,1.94055,1.69,1.00
2014.05.06 04:25:14.937,1.94025,1.9406,1.84,1.00
2014.05.06 04:25:15.089,1.94025,1.94071,1.84,1.87
2014.05.06 04:25:15.190,1.94025,1.94065,1.84,1.15
2014.05.06 04:25:15.933,1.94029,1.94075,1.29,1.87
2014.05.06 04:25:16.490,1.94029,1.94064,1.29,1.00
2014.05.06 04:25:16.924,1.9403,1.94071,1.19,1.19
2014.05.06 04:25:16.975,1.9403,1.94071,1.19,1.25
2014.05.06 04:25:17.257,1.94036,1.94067,1.25,1.00
2014.05.06 04:25:17.358,1.94036,1.94076,1.25,1.19
2014.05.06 04:25:17.461,1.94036,1.94076,1.40,1.19
2014.05.06 04:25:18.083,1.94036,1.94077,1.34,1.19
2014.05.06 04:25:18.848,1.94046,1.94082,1.00,1.19
2014.05.06 04:25:18.898,1.94046,1.94077,1.00,1.00
2014.05.06 04:25:19.002,1.94046,1.94086,1.50,1.19
2014.05.06 04:25:19.442,1.9405,1.94087,1.00,1.19
2014.05.06 04:25:19.694,1.94046,1.94086,1.50,1.19
2014.05.06 04:25:20.044,1.94046,1.94086,1.69,1.25
2014.05.06 04:25:21.347,1.94048,1.94088,1.19,1.25
2014.05.06 04:25:22.650,1.94048,1.94088,1.19,1.19
2014.05.06 04:25:23.443,1.94044,1.94084,1.69,1.00
2014.05.06 04:25:23.746,1.94055,1.94094,1.50,1.69
2014.05.06 04:25:24.048,1.94066,1.94094,1.00,1.19
2014.05.06 04:25:26.114,1.94066,1.9409,1.00,1.00
2014.05.06 04:25:27.852,1.94055,1.9409,1.19,1.00
2014.05.06 04:25:27.903,1.94055,1.9409,1.19,1.00
2014.05.06 04:25:27.953,1.94055,1.94088,1.19,1.00
2014.05.06 04:25:28.256,1.94055,1.94085,1.19,1.00
2014.05.06 04:25:28.880,1.94055,1.94085,1.00,1.00
2014.05.06 04:25:31.725,1.94055,1.94085,1.00,1.19
2014.05.06 04:25:34.092,1.94055,1.94085,1.00,1.25
2014.05.06 04:25:34.432,1.94065,1.94088,1.00,1.00
2014.05.06 04:25:34.634,1.94065,1.94092,1.00,1.00
2014.05.06 04:25:35.100,1.94065,1.94092,1.19,1.00
2014.05.06 04:25:35.637,1.94065,1.94093,1.19,1.00
2014.05.06 04:25:36.602,1.94065,1.94085,1.19,1.00
2014.05.06 04:25:36.754,1.94056,1.94094,1.49,1.19
2014.05.06 04:25:36.805,1.94056,1.94094,1.42,1.19
2014.05.06 04:25:36.957,1.94051,1.94078,1.02,1.00
2014.05.06 04:25:37.008,1.94049,1.94078,1.02,1.00
2014.05.06 04:25:37.059,1.94049,1.94087,1.27,1.00
2014.05.06 04:25:37.268,1.94048,1.94084,1.19,1.00
2014.05.06 04:25:37.319,1.94044,1.94084,1.28,1.19
2014.05.06 04:25:37.420,1.94041,1.94074,1.65,1.00
2014.05.06 04:25:37.628,1.94041,1.94078,1.19,1.00
2014.05.06 04:25:38.136,1.94041,1.94077,1.19,1.00
2014.05.06 04:25:38.513,1.94036,1.94077,1.34,1.19
2014.05.06 04:25:38.815,1.94044,1.94081,1.28,1.00
2014.05.06 04:25:38.913,1.9405,1.9409,1.19,1.29
2014.05.06 04:25:39.684,1.94055,1.94092,1.00,1.37
2014.05.06 04:25:39.922,1.94055,1.94093,1.00,1.34
2014.05.06 04:25:40.440,1.9405,1.9409,1.19,1.19
2014.05.06 04:25:40.692,1.94057,1.94095,1.00,1.69
2014.05.06 04:25:41.129,1.9405,1.9409,1.29,1.19
2014.05.06 04:25:41.452,1.94055,1.94093,1.00,1.77
2014.05.06 04:25:41.704,1.94049,1.94087,1.19,1.19
2014.05.06 04:25:42.830,1.94049,1.94087,1.00,1.19
2014.05.06 04:25:43.591,1.94054,1.94089,1.00,1.19
2014.05.06 04:25:43.693,1.94049,1.94087,1.00,1.19
2014.05.06 04:25:43.794,1.94049,1.94087,1.15,1.19
2014.05.06 04:25:44.046,1.94049,1.94087,1.34,1.00
2014.05.06 04:25:44.549,1.94054,1.94092,1.29,1.19
2014.05.06 04:25:44.862,1.94048,1.94083,1.29,1.00
2014.05.06 04:25:45.070,1.94045,1.94083,2.18,1.25
2014.05.06 04:25:46.657,1.94048,1.94086,1.00,1.19
2014.05.06 04:25:47.754,1.94048,1.94086,1.19,1.19
2014.05.06 04:25:48.279,1.94052,1.94088,1.00,1.19
2014.05.06 04:25:49.559,1.94052,1.94092,1.00,1.19
2014.05.06 04:25:53.372,1.94052,1.9409,1.00,1.19
2014.05.06 04:25:56.230,1.94055,1.94091,1.18,1.19
2014.05.06 04:25:56.762,1.94058,1.94091,1.00,1.19
2014.05.06 04:25:57.185,1.94058,1.94095,1.00,1.19
2014.05.06 04:25:58.232,1.94058,1.94096,1.00,1.19
2014.05.06 04:26:00.194,1.94058,1.94097,1.00,1.19
2014.05.06 04:26:00.372,1.94052,1.94095,1.34,1.19
2014.05.06 04:26:00.712,1.94055,1.94086,1.19,1.00
2014.05.06 04:26:01.798,1.94055,1.94086,1.00,1.19
2014.05.06 04:26:02.902,1.94055,1.94086,1.00,1.19
2014.05.06 04:26:06.110,1.94055,1.94086,1.00,1.19
2014.05.06 04:26:07.425,1.94055,1.94086,1.00,1.25
2014.05.06 04:26:08.951,1.94055,1.94076,1.00,1.00
2014.05.06 04:26:09.310,1.94046,1.94076,1.43,1.00
2014.05.06 04:26:09.654,1.94046,1.94074,1.43,1.00
2014.05.06 04:26:15.662,1.94045,1.94072,1.77,1.00
2014.05.06 04:26:20.831,1.94045,1.94076,1.77,1.00
2014.05.06 04:26:20.882,1.9405,1.94076,1.50,1.00
2014.05.06 04:26:24.146,1.94052,1.94086,1.30,1.19
2014.05.06 04:26:24.398,1.94055,1.94086,1.84,1.00
2014.05.06 04:26:24.499,1.94058,1.94102,1.77,1.00
2014.05.06 04:26:24.550,1.94064,1.94105,1.02,1.25
2014.05.06 04:26:24.853,1.94064,1.94097,1.34,1.00
2014.05.06 04:26:27.549,1.94067,1.94097,1.02,1.00
2014.05.06 04:26:27.700,1.94075,1.94102,1.18,1.00
2014.05.06 04:26:27.802,1.94071,1.94111,1.40,1.19
2014.05.06 04:26:28.411,1.94076,1.94111,1.27,1.00
2014.05.06 04:26:28.462,1.94084,1.9412,1.10,1.19
2014.05.06 04:26:29.499,1.94084,1.94124,1.10,1.69
2014.05.06 04:26:33.285,1.94084,1.94124,1.10,1.69
2014.05.06 04:26:34.288,1.94084,1.94124,1.02,1.69
2014.05.06 04:26:36.101,1.94084,1.94122,1.10,1.19
2014.05.06 04:26:37.098,1.94084,1.9412,1.10,1.19
2014.05.06 04:26:38.100,1.94077,1.94117,1.77,1.19
2014.05.06 04:26:40.104,1.94077,1.94117,1.77,1.19
2014.05.06 04:26:40.831,1.94082,1.94117,1.27,1.00
2014.05.06 04:26:40.932,1.94091,1.94125,1.00,1.19
2014.05.06 04:26:41.520,1.9409,1.94127,1.00,1.19
2014.05.06 04:26:43.361,1.9409,1.94127,1.19,1.00
2014.05.06 04:26:44.002,1.9409,1.9413,1.19,1.19
2014.05.06 04:26:44.418,1.9409,1.9413,1.19,1.19
2014.05.06 04:26:46.226,1.9409,1.9413,1.25,1.19
2014.05.06 04:26:47.406,1.94096,1.94131,1.00,1.19
2014.05.06 04:26:47.610,1.9409,1.9413,1.25,1.19
2014.05.06 04:26:47.834,1.94095,1.9413,1.00,1.19
2014.05.06 04:26:47.935,1.94095,1.94132,1.19,1.19
2014.05.06 04:26:49.343,1.94095,1.94133,1.25,1.19
2014.05.06 04:26:50.664,1.94096,1.94131,1.00,1.69
2014.05.06 04:26:51.853,1.94096,1.94131,1.00,1.19
2014.05.06 04:26:52.721,1.94091,1.94131,1.25,1.19
2014.05.06 04:26:52.969,1.94091,1.94129,1.00,1.19
2014.05.06 04:26:54.061,1.94091,1.9413,1.00,1.19
2014.05.06 04:26:55.064,1.94091,1.94129,1.00,1.19
2014.05.06 04:26:56.270,1.94091,1.94129,1.00,1.19
2014.05.06 04:26:57.084,1.94095,1.94129,1.09,1.19
2014.05.06 04:26:57.387,1.94105,1.94138,1.50,1.19
2014.05.06 04:26:57.791,1.94098,1.94138,1.33,1.19
2014.05.06 04:26:58.430,1.94095,1.94138,1.19,1.19
2014.05.06 04:26:58.943,1.94095,1.94139,1.19,1.19
2014.05.06 04:27:00.937,1.94096,1.94137,1.19,1.19
2014.05.06 04:27:02.526,1.94096,1.94139,1.19,1.19
2014.05.06 04:27:02.677,1.941,1.94139,1.00,1.19
2014.05.06 04:27:03.647,1.941,1.9414,1.19,1.19
2014.05.06 04:27:04.805,1.941,1.9414,1.19,1.19
2014.05.06 04:27:06.180,1.941,1.9414,1.19,1.19
2014.05.06 04:27:07.570,1.94105,1.9414,1.00,1.19
2014.05.06 04:27:07.621,1.94106,1.94146,1.25,1.19
2014.05.06 04:27:08.918,1.94106,1.94146,1.10,1.19
2014.05.06 04:27:11.395,1.94107,1.94146,1.00,1.19
2014.05.06 04:27:11.446,1.94107,1.94146,1.08,1.19
2014.05.06 04:27:11.753,1.94107,1.94146,1.15,1.19
2014.05.06 04:27:12.056,1.94107,1.94146,1.34,1.19
2014.05.06 04:27:14.156,1.94105,1.94144,1.77,1.19
2014.05.06 04:27:14.207,1.94105,1.94144,1.69,1.19
2014.05.06 04:27:15.257,1.94106,1.94138,1.19,1.00
2014.05.06 04:27:15.559,1.94101,1.94135,1.19,1.00
2014.05.06 04:27:16.096,1.94101,1.94133,1.19,1.00
2014.05.06 04:27:16.304,1.94095,1.94133,1.00,1.19
2014.05.06 04:27:16.810,1.94087,1.94128,1.37,1.00
2014.05.06 04:27:17.075,1.94096,1.94134,1.00,1.69
2014.05.06 04:27:18.870,1.94096,1.94138,1.19,1.19
2014.05.06 04:27:20.550,1.94105,1.94134,1.00,1.19
2014.05.06 04:27:20.903,1.94096,1.94134,1.19,1.19
2014.05.06 04:27:21.880,1.94096,1.94134,1.25,1.19
2014.05.06 04:27:23.008,1.94096,1.94133,1.00,1.34
2014.05.06 04:27:26.025,1.94096,1.94134,1.00,1.19
2014.05.06 04:27:27.026,1.94096,1.94132,1.00,1.37
2014.05.06 04:27:27.809,1.94089,1.94131,1.19,1.29
2014.05.06 04:27:28.222,1.94089,1.94131,1.19,1.29
2014.05.06 04:27:28.985,1.94086,1.94126,1.69,1.00
2014.05.06 04:27:29.948,1.94086,1.94126,1.19,1.19
2014.05.06 04:27:31.107,1.94086,1.94126,1.19,1.19
2014.05.06 04:27:31.549,1.94096,1.94126,1.00,1.19
2014.05.06 04:27:32.918,1.94096,1.9413,1.00,1.19
2014.05.06 04:27:33.713,1.94086,1.94129,1.34,1.19
2014.05.06 04:27:34.238,1.94086,1.94129,1.84,1.19
2014.05.06 04:27:36.827,1.94086,1.94129,1.34,1.19
2014.05.06 04:27:38.030,1.94086,1.94129,1.34,1.19
2014.05.06 04:27:38.479,1.94095,1.94129,1.00,1.19
2014.05.06 04:27:40.181,1.94095,1.94129,1.00,1.19
2014.05.06 04:27:42.162,1.94099,1.94129,1.19,1.00
2014.05.06 04:27:42.213,1.94102,1.94144,1.19,1.19
2014.05.06 04:27:42.415,1.94099,1.94136,1.19,1.00
2014.05.06 04:27:42.465,1.94097,1.94135,1.00,1.19
2014.05.06 04:27:43.056,1.94095,1.94129,1.19,1.25
2014.05.06 04:27:43.587,1.94095,1.94132,1.19,1.19
2014.05.06 04:27:45.195,1.94095,1.94129,1.19,1.00
2014.05.06 04:27:50.873,1.94095,1.94129,1.19,1.00
2014.05.06 04:27:51.859,1.94095,1.94124,1.19,1.00
2014.05.06 04:27:52.675,1.94095,1.94124,1.19,1.00
2014.05.06 04:27:53.420,1.94088,1.94124,1.37,1.00
2014.05.06 04:27:56.025,1.94085,1.94124,1.34,1.00
2014.05.06 04:27:59.119,1.94085,1.94129,1.34,1.19
2014.05.06 04:27:59.231,1.94093,1.94135,1.19,1.19
2014.05.06 04:27:59.534,1.94096,1.94127,1.19,1.00
2014.05.06 04:28:00.400,1.94096,1.94127,1.25,1.00
2014.05.06 04:28:01.704,1.94087,1.94127,1.34,1.00
2014.05.06 04:28:04.213,1.94088,1.94127,1.29,1.00
2014.05.06 04:28:05.433,1.94088,1.94124,1.29,1.00
2014.05.06 04:28:06.719,1.94087,1.94124,1.27,1.00
2014.05.06 04:28:09.127,1.94087,1.94124,1.27,1.00
2014.05.06 04:28:10.119,1.94087,1.94127,1.27,1.19
2014.05.06 04:28:12.438,1.94088,1.94127,1.29,1.00
2014.05.06 04:28:14.630,1.94089,1.94133,1.19,1.19
2014.05.06 04:28:15.169,1.94089,1.94127,1.27,1.00
2014.05.06 04:28:15.753,1.94089,1.94135,1.34,1.19
2014.05.06 04:28:16.440,1.94087,1.94133,1.34,1.19
2014.05.06 04:28:17.044,1.94089,1.94133,1.02,1.19
2014.05.06 04:28:17.196,1.94087,1.94133,1.27,1.19
2014.05.06 04:28:17.385,1.94086,1.94129,1.37,1.19
2014.05.06 04:28:18.370,1.94086,1.94132,1.37,1.19
2014.05.06 04:28:20.125,1.94086,1.94132,1.37,1.19
2014.05.06 04:28:21.481,1.94082,1.9413,1.84,1.19
2014.05.06 04:28:22.895,1.94083,1.94131,1.34,1.19
2014.05.06 04:28:25.221,1.94081,1.94129,1.34,1.19
2014.05.06 04:28:25.840,1.94081,1.94124,1.19,1.27
2014.05.06 04:28:26.051,1.94066,1.94112,1.64,1.19
2014.05.06 04:28:26.152,1.94076,1.94121,1.19,1.34
2014.05.06 04:28:26.404,1.94084,1.94132,1.27,1.94
2014.05.06 04:28:26.707,1.94076,1.94121,1.34,1.19
2014.05.06 04:28:27.211,1.94076,1.94121,1.19,1.19
2014.05.06 04:28:28.109,1.94076,1.94122,1.69,1.19
2014.05.06 04:28:29.511,1.94076,1.94122,1.69,1.19
2014.05.06 04:28:30.639,1.94078,1.94126,1.19,1.27
2014.05.06 04:28:32.385,1.94086,1.94126,1.00,1.19
2014.05.06 04:28:34.126,1.94086,1.94133,1.19,1.27
2014.05.06 04:28:35.226,1.94086,1.94131,1.19,1.19
2014.05.06 04:28:36.121,1.94086,1.94131,1.34,1.19
2014.05.06 04:28:36.172,1.94088,1.94134,1.34,1.19
2014.05.06 04:28:37.640,1.9409,1.94136,1.34,1.19
2014.05.06 04:28:39.146,1.94087,1.94133,1.02,1.19
2014.05.06 04:28:40.152,1.94087,1.9413,1.02,1.19
2014.05.06 04:28:41.158,1.94087,1.9413,1.02,1.19
2014.05.06 04:28:44.095,1.94086,1.94129,1.37,1.19
2014.05.06 04:28:45.066,1.94086,1.94132,1.09,1.19
2014.05.06 04:28:46.115,1.9408,1.94132,1.37,1.37
2014.05.06 04:28:46.371,1.9408,1.94128,1.37,1.19
2014.05.06 04:28:48.621,1.9408,1.94128,1.77,1.19
2014.05.06 04:28:48.964,1.94083,1.94128,1.02,1.19
2014.05.06 04:28:49.394,1.94086,1.94128,1.30,1.19
2014.05.06 04:28:50.502,1.94086,1.94131,1.02,1.19
2014.05.06 04:28:50.964,1.94083,1.94131,1.34,1.19
2014.05.06 04:28:51.822,1.94082,1.94128,1.34,1.19
2014.05.06 04:28:52.286,1.94085,1.94128,1.27,1.19
2014.05.06 04:28:54.134,1.94085,1.94129,1.02,1.19
2014.05.06 04:28:55.997,1.94087,1.94135,1.34,1.19
2014.05.06 04:28:56.500,1.94086,1.94134,1.34,1.19
2014.05.06 04:28:57.805,1.94087,1.94133,1.34,1.19
2014.05.06 04:28:59.009,1.94086,1.94133,1.34,1.19
2014.05.06 04:29:00.313,1.94086,1.94131,1.29,1.19
2014.05.06 04:29:02.422,1.94081,1.94129,1.34,1.19
2014.05.06 04:29:03.630,1.94083,1.94129,1.34,1.19
2014.05.06 04:29:04.155,1.94089,1.94136,1.19,1.29
2014.05.06 04:29:06.155,1.94087,1.94135,1.19,1.19
2014.05.06 04:29:07.846,1.94089,1.94135,1.19,1.19
2014.05.06 04:29:08.863,1.94091,1.94137,1.37,1.19
2014.05.06 04:29:10.368,1.94089,1.94135,1.19,1.29
2014.05.06 04:29:11.362,1.9409,1.94136,1.19,1.27
2014.05.06 04:29:12.794,1.94087,1.94135,1.29,1.29
2014.05.06 04:29:13.801,1.94088,1.94136,1.19,1.27
2014.05.06 04:29:16.089,1.94089,1.94137,1.19,1.27
2014.05.06 04:29:16.404,1.94084,1.9413,1.37,1.19
2014.05.06 04:29:17.592,1.94088,1.94136,1.19,1.27
2014.05.06 04:29:17.988,1.94096,1.94136,1.08,1.19
2014.05.06 04:29:18.139,1.94103,1.94154,1.27,1.27
2014.05.06 04:29:18.240,1.94102,1.94146,1.02,1.19
2014.05.06 04:29:18.291,1.941,1.94146,1.34,1.19
2014.05.06 04:29:18.798,1.94108,1.94156,1.19,1.37
2014.05.06 04:29:19.301,1.94115,1.94163,1.69,1.34
2014.05.06 04:29:20.105,1.94124,1.94171,1.19,1.19
2014.05.06 04:29:21.109,1.94122,1.94171,1.19,1.19
2014.05.06 04:29:22.317,1.94124,1.94172,1.19,1.29
2014.05.06 04:29:22.876,1.94125,1.94172,1.02,1.19
2014.05.06 04:29:23.207,1.94132,1.94178,1.29,1.19
2014.05.06 04:29:24.427,1.94133,1.94179,1.19,1.34
2014.05.06 04:29:26.031,1.94132,1.94178,1.19,1.34
2014.05.06 04:29:26.632,1.94129,1.94177,1.19,1.34
2014.05.06 04:29:28.038,1.94127,1.94173,1.19,1.19
2014.05.06 04:29:28.643,1.94115,1.94183,1.50,1.50
2014.05.06 04:29:30.378,1.94126,1.94187,1.83,1.15
2014.05.06 04:29:32.751,1.94127,1.9419,1.08,1.50
2014.05.06 04:29:32.802,1.94122,1.94183,1.30,1.15
2014.05.06 04:29:32.853,1.94122,1.94177,1.23,1.08
2014.05.06 04:29:32.903,1.94115,1.94177,1.02,1.50
2014.05.06 04:29:33.387,1.9411,1.94177,1.50,1.50
2014.05.06 04:29:33.488,1.94106,1.94168,1.50,1.08
2014.05.06 04:29:33.538,1.94104,1.94168,1.50,1.15
2014.05.06 04:29:33.589,1.94101,1.94164,1.05,1.08
2014.05.06 04:29:33.640,1.94099,1.94165,1.24,1.50
2014.05.06 04:29:37.452,1.94104,1.9417,1.50,1.50
2014.05.06 04:29:37.704,1.94108,1.94177,1.50,1.50
2014.05.06 04:29:37.755,1.9411,1.9418,1.50,1.83
2014.05.06 04:29:37.806,1.94114,1.94181,1.50,1.83
2014.05.06 04:29:38.573,1.94114,1.94181,2.25,1.15
2014.05.06 04:29:38.623,1.94123,1.94185,1.50,1.15
2014.05.06 04:29:39.157,1.94126,1.94196,1.83,1.02
2014.05.06 04:29:39.207,1.94129,1.94194,1.50,1.15
2014.05.06 04:29:39.308,1.94124,1.9419,1.50,1.50
2014.05.06 04:29:39.529,1.94129,1.94196,1.50,1.98
2014.05.06 04:29:40.447,1.94132,1.94196,1.83,1.08
2014.05.06 04:29:40.497,1.94136,1.94203,1.50,1.02
2014.05.06 04:29:44.167,1.94141,1.9421,1.83,1.50
2014.05.06 04:29:44.218,1.94145,1.94211,1.50,1.98
2014.05.06 04:29:57.695,1.94146,1.94216,1.83,1.50
2014.05.06 04:29:58.207,1.9415,1.94217,1.50,1.50
2014.05.06 04:29:58.648,1.94151,1.94216,1.50,1.08
2014.05.06 04:29:58.699,1.94155,1.94223,1.50,2.25
2014.05.06 04:30:00.499,1.9415,1.94214,1.50,1.75
2014.05.06 04:30:00.549,1.94147,1.94214,1.50,1.83
2014.05.06 04:30:01.357,1.94144,1.94214,2.25,1.83
2014.05.06 04:30:01.407,1.94144,1.94209,1.58,1.50
2014.05.06 04:30:03.263,1.94135,1.94202,2.25,1.50
2014.05.06 04:30:05.278,1.9413,1.94194,1.83,1.08
2014.05.06 04:30:05.328,1.9413,1.94194,1.15,1.50
2014.05.06 04:30:05.870,1.94128,1.94188,1.77,1.02
2014.05.06 04:30:06.173,1.94116,1.94167,1.19,1.50
2014.05.06 04:30:06.224,1.94111,1.94165,1.69,1.02
2014.05.06 04:30:06.275,1.94111,1.9416,1.19,1.98
2014.05.06 04:30:06.426,1.94106,1.94157,1.19,1.02
2014.05.06 04:30:06.791,1.94095,1.9415,1.19,1.29
2014.05.06 04:30:06.843,1.94095,1.94144,1.19,1.50
2014.05.06 04:30:06.895,1.94085,1.94136,1.30,1.27
2014.05.06 04:30:06.947,1.94085,1.94134,1.30,1.50
2014.05.06 04:30:07.099,1.94054,1.94118,2.23,1.50
2014.05.06 04:30:07.439,1.94062,1.94118,1.72,1.50
2014.05.06 04:30:07.490,1.94071,1.94127,1.50,1.19
2014.05.06 04:30:07.541,1.94074,1.94127,1.34,1.00
2014.05.06 04:30:07.642,1.94081,1.94135,1.19,1.15
2014.05.06 04:30:07.958,1.9408,1.94133,1.19,1.02
2014.05.06 04:30:08.271,1.94089,1.94135,1.19,1.02
2014.05.06 04:30:08.429,1.94086,1.94135,1.02,1.19
2014.05.06 04:30:08.495,1.94081,1.94135,1.34,1.19
2014.05.06 04:30:08.546,1.94081,1.94135,1.27,2.44
2014.05.06 04:30:08.858,1.94081,1.9413,1.19,1.02
2014.05.06 04:30:09.530,1.94077,1.94128,1.19,1.27
2014.05.06 04:30:10.048,1.94082,1.9413,1.19,1.29
2014.05.06 04:30:10.552,1.94092,1.94141,1.19,1.84
2014.05.06 04:30:11.056,1.94096,1.94146,1.69,1.19
2014.05.06 04:30:11.553,1.9409,1.94148,1.19,1.19
2014.05.06 04:30:11.881,1.94085,1.94148,1.19,1.19
2014.05.06 04:30:12.183,1.94085,1.94144,1.19,1.19
2014.05.06 04:30:13.199,1.94085,1.94146,1.19,1.27
2014.05.06 04:30:14.390,1.94096,1.94152,1.19,1.50
2014.05.06 04:30:14.491,1.94096,1.94161,1.79,1.02
2014.05.06 04:30:14.592,1.94106,1.94161,1.19,1.02
2014.05.06 04:30:14.715,1.94106,1.94163,1.19,1.02
2014.05.06 04:30:14.924,1.94106,1.94166,1.19,1.02
2014.05.06 04:30:15.693,1.94106,1.94158,1.19,1.98
2014.05.06 04:30:15.996,1.94106,1.94153,1.19,1.50
2014.05.06 04:30:16.247,1.94104,1.94159,1.19,1.98
2014.05.06 04:30:17.752,1.94104,1.94158,1.19,1.02
2014.05.06 04:30:18.109,1.94097,1.94152,1.19,1.50
2014.05.06 04:30:18.448,1.94097,1.94145,1.34,1.50
2014.05.06 04:30:18.783,1.94097,1.94139,1.34,1.50
2014.05.06 04:30:18.884,1.94097,1.94146,1.34,1.50
2014.05.06 04:30:19.101,1.94091,1.94146,1.92,1.50
2014.05.06 04:30:19.283,1.94091,1.94146,1.19,1.50
2014.05.06 04:30:19.543,1.94091,1.94153,1.49,1.50
2014.05.06 04:30:20.225,1.94097,1.94153,1.27,1.50
2014.05.06 04:30:20.376,1.94102,1.94164,1.54,1.02
2014.05.06 04:30:20.427,1.94102,1.94166,1.62,1.77
2014.05.06 04:30:20.629,1.94114,1.94168,1.19,1.50
2014.05.06 04:30:20.730,1.9411,1.94171,1.34,1.34
2014.05.06 04:30:20.882,1.9411,1.9417,1.27,1.02
2014.05.06 04:30:21.414,1.9411,1.94165,1.39,1.15
2014.05.06 04:30:21.696,1.9411,1.94171,1.34,1.02
2014.05.06 04:30:22.082,1.94108,1.94171,1.02,1.02
2014.05.06 04:30:22.183,1.94106,1.94168,1.94,1.02
2014.05.06 04:30:22.435,1.94106,1.94167,1.27,1.50
2014.05.06 04:30:22.640,1.94109,1.94167,1.27,1.50
2014.05.06 04:30:22.732,1.94109,1.94169,1.37,1.02
2014.05.06 04:30:22.843,1.94109,1.94167,1.27,1.50
2014.05.06 04:30:22.944,1.941,1.94161,1.34,1.02
2014.05.06 04:30:23.176,1.94107,1.94166,2.00,1.94
2014.05.06 04:30:23.227,1.94111,1.94166,1.50,1.19
2014.05.06 04:30:23.328,1.94105,1.94166,1.02,1.34
2014.05.06 04:30:24.165,1.94101,1.9416,1.02,1.37
2014.05.06 04:30:24.215,1.94098,1.9416,1.34,1.77
2014.05.06 04:30:24.266,1.94096,1.94155,1.02,1.37
2014.05.06 04:30:24.839,1.94094,1.94154,1.34,1.02
2014.05.06 04:30:25.146,1.94091,1.94146,1.19,1.02
2014.05.06 04:30:25.449,1.94088,1.94142,1.27,1.37
2014.05.06 04:30:25.887,1.94092,1.94142,1.02,1.19
2014.05.06 04:30:26.471,1.94094,1.94142,1.02,1.19
2014.05.06 04:30:26.598,1.94102,1.94156,1.27,1.02
2014.05.06 04:30:26.673,1.94102,1.94157,1.34,1.34
2014.05.06 04:30:26.902,1.94106,1.94163,1.27,1.02
2014.05.06 04:30:27.467,1.94106,1.94164,1.34,1.34
2014.05.06 04:30:27.651,1.94109,1.94164,1.02,1.27
2014.05.06 04:30:27.702,1.94115,1.94168,1.34,1.19
2014.05.06 04:30:27.982,1.94123,1.94168,1.75,1.19
2014.05.06 04:30:28.142,1.9412,1.94168,1.02,1.19
2014.05.06 04:30:28.452,1.94126,1.94168,1.50,1.19
2014.05.06 04:30:28.503,1.94133,1.94174,1.18,1.19
2014.05.06 04:30:28.560,1.94133,1.94174,1.85,1.19
2014.05.06 04:30:28.899,1.94133,1.94182,1.02,1.19
2014.05.06 04:30:29.000,1.94137,1.94182,1.50,1.19
2014.05.06 04:30:30.228,1.94139,1.94184,1.50,1.19
2014.05.06 04:30:31.160,1.94133,1.94184,1.50,1.19
2014.05.06 04:30:31.211,1.94136,1.94187,1.02,1.19
2014.05.06 04:30:32.420,1.94136,1.94189,1.02,1.19
2014.05.06 04:30:32.927,1.94133,1.9419,1.50,1.19
2014.05.06 04:30:34.241,1.94133,1.94188,1.98,1.19
2014.05.06 04:30:35.570,1.94134,1.94188,1.02,1.19
2014.05.06 04:30:36.171,1.94135,1.94186,1.02,1.19
2014.05.06 04:30:37.254,1.94134,1.94187,1.02,1.19
2014.05.06 04:30:37.605,1.94133,1.94185,1.50,1.19
2014.05.06 04:30:37.706,1.94128,1.94185,1.50,1.19
2014.05.06 04:30:38.659,1.94128,1.94184,1.50,1.19
2014.05.06 04:30:38.963,1.94126,1.94184,1.02,1.27
2014.05.06 04:30:39.014,1.94122,1.94184,1.02,1.34
2014.05.06 04:30:39.689,1.94122,1.9418,1.02,1.29
2014.05.06 04:30:39.992,1.94119,1.94177,1.34,1.02
2014.05.06 04:30:40.716,1.9412,1.94179,2.04,1.69
2014.05.06 04:30:41.474,1.9412,1.94179,1.34,1.34
2014.05.06 04:30:41.682,1.94124,1.94179,1.27,1.34
2014.05.06 04:30:43.491,1.9412,1.94181,1.34,1.34
2014.05.06 04:30:44.638,1.94118,1.94179,1.02,1.34
2014.05.06 04:30:46.008,1.94118,1.94179,1.02,1.34
2014.05.06 04:30:46.455,1.94114,1.94173,1.34,1.02
2014.05.06 04:30:48.415,1.94113,1.94173,1.34,1.02
2014.05.06 04:30:48.981,1.94113,1.94167,1.27,1.02
2014.05.06 04:30:49.290,1.94113,1.94166,1.19,1.02
2014.05.06 04:30:49.656,1.94113,1.94161,1.19,1.50
2014.05.06 04:30:49.928,1.94106,1.94159,1.19,1.30
2014.05.06 04:30:51.037,1.94108,1.94159,1.19,1.02
2014.05.06 04:30:51.148,1.94108,1.94164,1.27,1.34
2014.05.06 04:30:52.148,1.94112,1.94166,1.19,1.77
2014.05.06 04:30:53.156,1.94108,1.94166,1.27,1.02
2014.05.06 04:30:54.206,1.94108,1.94169,1.94,1.02
2014.05.06 04:30:54.257,1.94109,1.9417,1.02,1.27
2014.05.06 04:30:54.762,1.94108,1.9417,1.34,1.02
2014.05.06 04:30:55.978,1.94113,1.94172,1.19,1.50
2014.05.06 04:30:57.998,1.94124,1.94172,1.19,1.50
2014.05.06 04:30:58.049,1.94124,1.94183,1.37,1.30
2014.05.06 04:30:58.219,1.94132,1.94184,1.19,1.50
2014.05.06 04:30:58.270,1.94136,1.94196,1.02,1.34
2014.05.06 04:30:58.821,1.94144,1.94196,1.50,1.19
2014.05.06 04:30:58.922,1.94146,1.94201,1.02,1.29
2014.05.06 04:30:59.747,1.94151,1.94201,1.27,1.19
2014.05.06 04:30:59.948,1.94149,1.94201,1.02,1.19
2014.05.06 04:31:00.251,1.94144,1.94197,1.50,1.19
2014.05.06 04:31:00.301,1.94143,1.94197,1.02,1.27
2014.05.06 04:31:00.352,1.9414,1.94197,1.02,1.27
2014.05.06 04:31:00.727,1.94137,1.94197,1.02,1.69
2014.05.06 04:31:01.390,1.94135,1.94197,1.77,1.77
2014.05.06 04:31:02.199,1.94135,1.94196,1.02,1.34
2014.05.06 04:31:02.360,1.9414,1.94196,1.02,1.27
2014.05.06 04:31:02.701,1.94152,1.942,1.23,1.29
2014.05.06 04:31:03.434,1.94158,1.94203,1.27,1.19
2014.05.06 04:31:03.636,1.94164,1.94212,1.02,1.19
2014.05.06 04:31:03.901,1.94167,1.94212,1.02,1.19
2014.05.06 04:31:04.141,1.94175,1.94221,1.37,1.19
2014.05.06 04:31:04.544,1.94169,1.94214,1.02,1.19
2014.05.06 04:31:04.986,1.94166,1.94214,1.34,1.19
2014.05.06 04:31:05.939,1.94164,1.94209,1.02,1.19
2014.05.06 04:31:07.446,1.94164,1.94209,1.02,1.19
2014.05.06 04:31:07.909,1.94158,1.9421,1.50,1.19
2014.05.06 04:31:08.335,1.94157,1.9421,1.50,1.19
2014.05.06 04:31:09.462,1.94157,1.94203,1.50,1.19
2014.05.06 04:31:09.791,1.94153,1.94203,2.63,1.19
2014.05.06 04:31:09.842,1.94153,1.94203,1.50,1.19
2014.05.06 04:31:14.209,1.94156,1.94203,1.50,1.19
2014.05.06 04:31:14.537,1.9416,1.94203,1.50,1.19
2014.05.06 04:31:14.738,1.94163,1.94209,1.30,1.19
2014.05.06 04:31:16.607,1.94163,1.94211,1.02,1.19
2014.05.06 04:31:18.120,1.94164,1.94211,1.02,1.19
2014.05.06 04:31:18.670,1.94167,1.94211,1.50,1.19
2014.05.06 04:31:20.461,1.94168,1.94214,1.02,1.19
2014.05.06 04:31:20.846,1.94172,1.94214,1.02,1.19
2014.05.06 04:31:21.359,1.94173,1.94214,1.02,1.19
2014.05.06 04:31:22.071,1.94173,1.94213,1.02,1.19
2014.05.06 04:31:23.140,1.94172,1.94213,1.50,1.19
2014.05.06 04:31:23.191,1.94171,1.94213,1.02,1.19
2014.05.06 04:31:23.401,1.94168,1.94213,1.02,1.19
2014.05.06 04:31:24.147,1.94168,1.94212,1.02,1.19
2014.05.06 04:31:25.952,1.94168,1.94214,1.02,1.19
2014.05.06 04:31:28.761,1.94167,1.94211,1.02,1.19
2014.05.06 04:31:33.573,1.94167,1.94209,1.02,1.19
2014.05.06 04:31:34.208,1.94166,1.94209,1.02,1.19
2014.05.06 04:31:34.309,1.94164,1.94209,1.02,1.19
2014.05.06 04:31:34.410,1.94169,1.94218,1.37,1.19
2014.05.06 04:31:35.783,1.9417,1.94219,1.34,1.19
2014.05.06 04:31:37.594,1.94172,1.9422,1.19,1.19
2014.05.06 04:31:38.598,1.9417,1.94217,1.19,1.34
2014.05.06 04:31:40.604,1.94171,1.94219,1.19,1.34
2014.05.06 04:31:41.608,1.94167,1.94215,1.19,1.29
2014.05.06 04:31:43.327,1.94167,1.94216,1.00,1.37
2014.05.06 04:31:43.478,1.94167,1.94216,1.00,2.04
2014.05.06 04:31:43.529,1.94149,1.94213,1.02,1.02
2014.05.06 04:31:43.630,1.94154,1.94204,1.37,1.19
2014.05.06 04:31:44.137,1.94155,1.94204,1.02,1.19
2014.05.06 04:31:45.127,1.94155,1.94206,1.02,1.19
2014.05.06 04:31:50.180,1.9416,1.94206,1.34,1.19
2014.05.06 04:31:51.550,1.94154,1.942,1.98,1.19
2014.05.06 04:31:51.779,1.94155,1.94202,1.02,1.19
2014.05.06 04:31:52.389,1.94154,1.94202,1.37,1.19
2014.05.06 04:31:52.921,1.94153,1.94201,1.34,1.19
2014.05.06 04:31:53.761,1.94151,1.94203,1.34,1.19
2014.05.06 04:31:57.771,1.94158,1.94204,1.19,1.29
2014.05.06 04:32:00.782,1.94156,1.94202,1.77,1.19
2014.05.06 04:32:00.883,1.94149,1.942,1.77,1.19
2014.05.06 04:32:01.904,1.94147,1.94199,1.27,1.27
2014.05.06 04:32:02.318,1.94145,1.9419,1.18,1.19
2014.05.06 04:32:02.428,1.94137,1.9419,1.34,1.19
2014.05.06 04:32:02.629,1.94134,1.94174,1.50,1.19
2014.05.06 04:32:02.943,1.94122,1.9416,1.88,1.19
2014.05.06 04:32:03.045,1.94111,1.9416,1.39,1.19
2014.05.06 04:32:03.504,1.94111,1.94168,1.77,1.64
2014.05.06 04:32:04.538,1.94111,1.94167,1.23,1.02
2014.05.06 04:32:04.639,1.94106,1.94164,1.74,1.02
2014.05.06 04:32:04.790,1.94107,1.94168,1.39,1.34
2014.05.06 04:32:04.841,1.94107,1.94169,1.39,1.34
2014.05.06 04:32:06.017,1.94113,1.94168,1.20,1.19
2014.05.06 04:32:06.253,1.94113,1.94173,2.14,1.34
2014.05.06 04:32:06.354,1.94114,1.94173,1.34,1.34
2014.05.06 04:32:06.406,1.94119,1.94173,1.02,1.19
2014.05.06 04:32:06.842,1.94124,1.94173,1.50,1.19
2014.05.06 04:32:08.230,1.94124,1.94175,1.50,1.19
2014.05.06 04:32:10.046,1.94124,1.94177,1.50,1.19
2014.05.06 04:32:10.097,1.94131,1.94177,1.50,1.19
2014.05.06 04:32:10.198,1.94126,1.94177,1.20,1.19
2014.05.06 04:32:10.501,1.94121,1.94177,1.34,1.37
2014.05.06 04:32:10.714,1.94122,1.94177,1.02,1.27
2014.05.06 04:32:11.209,1.94123,1.94177,1.02,1.19
2014.05.06 04:32:12.457,1.94122,1.94174,1.50,1.19
2014.05.06 04:32:12.888,1.94124,1.94183,1.02,1.34
2014.05.06 04:32:12.939,1.9413,1.94183,1.30,1.19
2014.05.06 04:32:14.056,1.94133,1.94183,1.98,1.19
2014.05.06 04:32:14.345,1.94133,1.94183,1.30,1.19
2014.05.06 04:32:14.446,1.94129,1.94183,1.02,1.19
2014.05.06 04:32:14.718,1.94128,1.94174,1.02,1.19
2014.05.06 04:32:14.819,1.94125,1.94174,1.34,1.19
2014.05.06 04:32:16.888,1.94125,1.94172,1.34,1.19
2014.05.06 04:32:18.415,1.94126,1.94179,1.34,1.29
2014.05.06 04:32:18.466,1.94127,1.94179,1.02,1.19
2014.05.06 04:32:18.769,1.94165,1.94198,1.00,1.19
2014.05.06 04:32:18.870,1.94159,1.94198,1.00,1.19
2014.05.06 04:32:19.057,1.94143,1.94193,1.30,1.19
2014.05.06 04:32:19.108,1.94142,1.94186,1.50,1.19
2014.05.06 04:32:19.313,1.9414,1.94186,1.37,1.19
2014.05.06 04:32:19.363,1.94146,1.94186,2.00,1.19
2014.05.06 04:32:19.515,1.94155,1.94196,1.98,1.19
2014.05.06 04:32:19.617,1.94158,1.94203,1.02,1.19
2014.05.06 04:32:20.610,1.9416,1.94209,1.34,1.19
2014.05.06 04:32:21.628,1.94166,1.94214,1.19,1.29
2014.05.06 04:32:22.619,1.94166,1.94212,1.19,1.19
2014.05.06 04:32:23.624,1.94167,1.94215,1.19,1.27
2014.05.06 04:32:24.929,1.94166,1.94212,1.19,1.34
2014.05.06 04:32:26.938,1.94166,1.94215,1.19,1.34
2014.05.06 04:32:27.363,1.94173,1.94214,1.19,1.15
2014.05.06 04:32:27.514,1.94188,1.94233,1.19,1.19
2014.05.06 04:32:27.565,1.94188,1.94233,1.77,1.19
2014.05.06 04:32:27.767,1.94179,1.94227,1.47,1.19
2014.05.06 04:32:29.003,1.94174,1.94223,1.37,1.19
2014.05.06 04:32:29.881,1.94168,1.9422,1.02,1.19
2014.05.06 04:32:30.385,1.94161,1.94214,1.29,1.37
2014.05.06 04:32:31.203,1.94159,1.94208,1.74,1.19
2014.05.06 04:32:32.196,1.94156,1.94204,1.34,1.19
2014.05.06 04:32:33.321,1.94152,1.94198,1.27,1.19
2014.05.06 04:32:33.645,1.94143,1.94188,1.27,1.19
2014.05.06 04:32:33.897,1.9413,1.94172,1.30,1.29
2014.05.06 04:32:34.028,1.9413,1.94166,1.30,1.19
2014.05.06 04:32:34.281,1.9411,1.94166,1.72,1.27
2014.05.06 04:32:34.332,1.94108,1.94164,1.02,1.29
2014.05.06 04:32:34.433,1.94106,1.94164,2.52,1.69
2014.05.06 04:32:34.533,1.94106,1.94164,1.37,1.77
2014.05.06 04:32:34.634,1.94099,1.94153,1.50,1.19
2014.05.06 04:32:34.807,1.94099,1.94153,1.08,1.27
2014.05.06 04:32:34.876,1.94096,1.94143,1.08,1.27
2014.05.06 04:32:34.981,1.94095,1.94143,1.00,1.27
2014.05.06 04:32:36.024,1.94095,1.94145,1.19,1.34
2014.05.06 04:32:36.351,1.94086,1.94135,1.02,1.19
2014.05.06 04:32:36.560,1.94095,1.9414,1.00,1.39
2014.05.06 04:32:36.611,1.94086,1.9414,1.27,1.39
2014.05.06 04:32:36.662,1.94087,1.94142,1.02,1.27
2014.05.06 04:32:36.979,1.94095,1.94135,1.00,1.34
2014.05.06 04:32:37.080,1.94095,1.9414,1.00,1.02
2014.05.06 04:32:37.192,1.94095,1.94143,1.00,1.34
2014.05.06 04:32:37.657,1.94095,1.9415,1.27,1.34
2014.05.06 04:32:37.846,1.94106,1.9415,1.08,1.27
2014.05.06 04:32:38.149,1.94107,1.9415,1.83,1.19
2014.05.06 04:32:38.250,1.94111,1.9416,1.50,1.19
2014.05.06 04:32:39.278,1.94111,1.94155,1.50,1.19
2014.05.06 04:32:39.817,1.9411,1.94155,1.02,1.19
2014.05.06 04:32:39.919,1.94106,1.94155,1.77,1.19
2014.05.06 04:32:39.970,1.94106,1.94148,1.33,1.19
2014.05.06 04:32:40.020,1.94106,1.94148,1.25,1.19
2014.05.06 04:32:40.977,1.94098,1.94145,1.02,1.19
2014.05.06 04:32:42.019,1.94098,1.94146,1.02,1.19
2014.05.06 04:32:42.883,1.94106,1.94146,1.00,1.19
2014.05.06 04:32:43.268,1.94106,1.94144,1.00,1.19
2014.05.06 04:32:43.785,1.94097,1.94144,1.98,1.19
2014.05.06 04:32:44.117,1.94097,1.94141,1.50,1.19
2014.05.06 04:32:44.706,1.94101,1.94141,1.83,1.19
2014.05.06 04:32:44.808,1.94108,1.94152,1.02,1.19
2014.05.06 04:32:45.954,1.94108,1.94152,1.02,1.19
2014.05.06 04:32:47.846,1.94109,1.94155,1.34,1.19
2014.05.06 04:32:48.753,1.94106,1.94147,2.25,1.19
2014.05.06 04:32:49.337,1.94126,1.94163,1.00,1.19
2014.05.06 04:32:49.543,1.94126,1.94166,1.02,1.19
2014.05.06 04:32:50.157,1.94119,1.94158,1.30,1.19
2014.05.06 04:32:50.308,1.94116,1.94158,1.19,1.19
2014.05.06 04:32:51.144,1.94116,1.94158,1.19,1.19
2014.05.06 04:32:52.061,1.94116,1.94148,1.00,1.37
2014.05.06 04:32:52.112,1.94106,1.94148,1.19,1.37
2014.05.06 04:32:52.162,1.94109,1.94148,1.00,1.37
2014.05.06 04:32:53.091,1.94109,1.94153,1.19,1.27
2014.05.06 04:32:53.193,1.94113,1.94153,1.00,1.27
2014.05.06 04:32:53.495,1.94113,1.94141,1.00,1.19
2014.05.06 04:32:53.767,1.94113,1.94146,1.00,1.37
2014.05.06 04:32:54.812,1.94113,1.9416,1.19,1.94
2014.05.06 04:32:54.913,1.94115,1.9416,1.19,1.19
2014.05.06 04:32:56.523,1.94115,1.94162,1.34,1.19
2014.05.06 04:32:56.931,1.9412,1.94162,1.02,1.19
2014.05.06 04:32:57.085,1.9412,1.94166,1.02,1.19
2014.05.06 04:32:57.315,1.94135,1.94166,1.00,1.19
2014.05.06 04:32:57.416,1.94135,1.94172,1.00,1.19
2014.05.06 04:32:57.518,1.94136,1.94184,1.19,1.29
2014.05.06 04:32:57.568,1.94144,1.94184,1.75,1.19
2014.05.06 04:32:57.619,1.94154,1.94202,1.37,1.57
2014.05.06 04:32:57.720,1.94155,1.94202,1.02,1.57
2014.05.06 04:32:58.023,1.94154,1.94175,1.50,1.19
2014.05.06 04:32:58.130,1.94142,1.94182,1.88,1.19
2014.05.06 04:32:58.181,1.94135,1.94182,1.19,1.19
2014.05.06 04:32:58.383,1.9414,1.94182,1.02,1.19
2014.05.06 04:32:58.535,1.94142,1.94188,1.34,1.19
2014.05.06 04:32:59.352,1.94135,1.9418,1.19,1.27
2014.05.06 04:32:59.453,1.94135,1.94175,1.19,1.02
2014.05.06 04:32:59.554,1.94135,1.9418,1.19,1.19
2014.05.06 04:32:59.758,1.94121,1.9418,1.02,1.69
2014.05.06 04:32:59.859,1.94117,1.94169,1.34,1.19
2014.05.06 04:33:00.011,1.94121,1.94177,1.19,1.39
2014.05.06 04:33:00.112,1.94121,1.94164,1.34,1.00
2014.05.06 04:33:00.414,1.94126,1.94152,1.00,1.88
2014.05.06 04:33:00.566,1.94126,1.94171,1.29,1.19
2014.05.06 04:33:00.617,1.94135,1.94171,1.00,1.19
2014.05.06 04:33:00.869,1.94126,1.94171,1.29,1.19
2014.05.06 04:33:00.920,1.94135,1.94181,1.19,1.77
2014.05.06 04:33:01.428,1.94132,1.94173,1.02,1.19
2014.05.06 04:33:01.529,1.94127,1.94173,1.37,1.19
2014.05.06 04:33:02.571,1.9412,1.94169,1.34,1.19
2014.05.06 04:33:03.534,1.94119,1.9417,1.19,1.34
2014.05.06 04:33:04.587,1.94119,1.94171,1.19,1.34
2014.05.06 04:33:05.967,1.94119,1.9417,1.19,1.34
2014.05.06 04:33:06.434,1.94119,1.9417,1.19,1.72
2014.05.06 04:33:06.485,1.94114,1.94162,1.27,1.64
2014.05.06 04:33:07.365,1.94106,1.94152,1.27,1.94
2014.05.06 04:33:07.876,1.94105,1.94148,1.19,1.02
2014.05.06 04:33:08.361,1.94116,1.94148,1.00,1.02
2014.05.06 04:33:08.563,1.94106,1.94148,1.19,1.02
2014.05.06 04:33:09.568,1.94105,1.94148,1.19,1.02
2014.05.06 04:33:10.070,1.94105,1.94143,1.00,1.34
2014.05.06 04:33:11.074,1.94105,1.94138,1.00,1.19
2014.05.06 04:33:12.078,1.94105,1.94138,1.00,1.19
2014.05.06 04:33:12.525,1.94105,1.94125,1.00,1.19
2014.05.06 04:33:12.846,1.94096,1.94125,1.00,1.19
2014.05.06 04:33:14.082,1.94106,1.94125,1.00,1.19
2014.05.06 04:33:14.133,1.94106,1.94132,1.00,1.34
2014.05.06 04:33:14.275,1.94095,1.94132,1.00,1.34
2014.05.06 04:33:14.325,1.94095,1.9413,1.00,1.27
2014.05.06 04:33:14.645,1.94095,1.94127,1.00,1.34
2014.05.06 04:33:16.034,1.94086,1.94127,1.00,1.34
2014.05.06 04:33:16.102,1.94086,1.94121,1.00,1.19
2014.05.06 04:33:16.585,1.94096,1.94121,1.00,1.19
2014.05.06 04:33:16.808,1.94086,1.94121,1.00,1.19
2014.05.06 04:33:17.355,1.94076,1.94121,1.19,1.19
2014.05.06 04:33:17.515,1.94076,1.94116,1.00,1.29
2014.05.06 04:33:18.649,1.94076,1.94115,1.00,1.27
2014.05.06 04:33:19.165,1.94066,1.94115,1.69,1.27
2014.05.06 04:33:19.318,1.94066,1.94114,1.00,1.27
2014.05.06 04:33:19.369,1.94057,1.94114,1.77,1.27
2014.05.06 04:33:20.230,1.94057,1.94114,1.77,1.64
2014.05.06 04:33:21.095,1.94065,1.94113,1.00,1.29
2014.05.06 04:33:21.259,1.94065,1.94113,1.50,1.19
2014.05.06 04:33:21.411,1.9406,1.94113,1.02,1.19
2014.05.06 04:33:21.612,1.94063,1.94113,1.98,1.19
2014.05.06 04:33:21.663,1.94066,1.94116,1.02,1.19
2014.05.06 04:33:22.251,1.94066,1.94125,1.02,1.34
2014.05.06 04:33:22.563,1.94066,1.94125,1.02,1.68
2014.05.06 04:33:23.245,1.94068,1.94119,1.34,1.53
2014.05.06 04:33:23.556,1.94076,1.94119,1.18,1.19
2014.05.06 04:33:23.897,1.94085,1.94119,1.00,1.19
2014.05.06 04:33:24.103,1.94075,1.94119,1.40,1.19
2014.05.06 04:33:24.154,1.94079,1.94129,1.29,1.27
2014.05.06 04:33:24.836,1.94086,1.94129,1.00,1.19
2014.05.06 04:33:25.195,1.94086,1.94123,1.00,1.19
2014.05.06 04:33:25.430,1.94075,1.94123,1.84,1.19
2014.05.06 04:33:26.183,1.94075,1.94121,1.37,1.19
2014.05.06 04:33:27.034,1.94086,1.94121,1.00,1.19
2014.05.06 04:33:27.911,1.94086,1.9412,1.00,1.19
2014.05.06 04:33:28.975,1.94076,1.9412,1.19,1.19
2014.05.06 04:33:29.488,1.94076,1.9412,1.19,1.19
2014.05.06 04:33:29.640,1.94086,1.9412,1.00,1.19
2014.05.06 04:33:29.691,1.94086,1.9413,1.27,1.69
2014.05.06 04:33:30.240,1.94086,1.9413,1.84,1.19
2014.05.06 04:33:30.597,1.94075,1.94121,1.34,1.19
2014.05.06 04:33:31.738,1.94075,1.94117,1.00,1.29
2014.05.06 04:33:32.138,1.94077,1.94126,1.19,1.34
2014.05.06 04:33:32.839,1.94096,1.94126,1.00,1.27
2014.05.06 04:33:32.941,1.94096,1.94135,1.00,1.19
2014.05.06 04:33:33.095,1.94096,1.94129,1.00,2.03
2014.05.06 04:33:33.196,1.94086,1.94127,1.77,1.09
2014.05.06 04:33:33.247,1.94086,1.94123,1.00,1.68
2014.05.06 04:33:33.417,1.94075,1.94121,1.19,1.28
2014.05.06 04:33:33.912,1.94075,1.94123,1.19,1.34
2014.05.06 04:33:34.225,1.94075,1.94118,1.19,1.19
2014.05.06 04:33:34.576,1.94075,1.94118,1.34,1.19
2014.05.06 04:33:34.778,1.94069,1.94118,1.77,1.19
2014.05.06 04:33:34.929,1.94066,1.94107,1.00,1.19
2014.05.06 04:33:35.232,1.94066,1.94101,1.00,1.30
2014.05.06 04:33:35.748,1.94057,1.94102,1.19,1.39
2014.05.06 04:33:36.067,1.9405,1.94096,1.69,1.02
2014.05.06 04:33:36.957,1.94049,1.94094,1.19,1.68
2014.05.06 04:33:37.058,1.94046,1.94083,1.00,1.15
2014.05.06 04:33:37.109,1.94046,1.94083,1.00,1.83
2014.05.06 04:33:37.412,1.94046,1.94072,1.00,1.50
2014.05.06 04:33:37.463,1.94046,1.94075,1.00,1.30
2014.05.06 04:33:37.916,1.94037,1.94075,1.25,1.30
2014.05.06 04:33:38.068,1.94035,1.94075,1.00,1.02
2014.05.06 04:33:38.169,1.94026,1.94075,1.19,1.02
2014.05.06 04:33:39.118,1.94036,1.94075,1.00,1.02
2014.05.06 04:33:39.422,1.94036,1.94069,1.00,1.50
2014.05.06 04:33:39.726,1.94036,1.94056,1.00,1.08
2014.05.06 04:33:39.777,1.94036,1.94063,1.00,1.02
2014.05.06 04:33:39.881,1.94026,1.94063,1.00,1.02
2014.05.06 04:33:40.334,1.94035,1.94063,1.00,1.02
2014.05.06 04:33:40.385,1.94035,1.94065,1.00,1.34
2014.05.06 04:33:40.637,1.94033,1.94065,1.00,1.37
2014.05.06 04:33:40.688,1.94015,1.94053,1.00,1.19
2014.05.06 04:33:40.738,1.94015,1.9405,1.00,1.22
2014.05.06 04:33:40.789,1.94006,1.94038,1.08,1.00
2014.05.06 04:33:40.840,1.94006,1.94037,1.00,1.50
2014.05.06 04:33:41.369,1.94005,1.94035,1.00,1.30
2014.05.06 04:33:41.485,1.94005,1.94037,1.00,1.02
2014.05.06 04:33:41.536,1.94005,1.94041,1.00,1.02
2014.05.06 04:33:42.176,1.93998,1.94041,1.19,1.02
2014.05.06 04:33:42.834,1.94016,1.94041,1.00,1.02
2014.05.06 04:33:42.936,1.94016,1.94043,1.00,1.19
2014.05.06 04:33:43.087,1.94006,1.94043,1.00,1.19
2014.05.06 04:33:43.188,1.94006,1.94041,1.00,1.19
2014.05.06 04:33:43.604,1.93998,1.94041,1.25,1.27
2014.05.06 04:33:44.153,1.94005,1.94041,1.00,1.27
2014.05.06 04:33:44.204,1.94005,1.94044,1.00,1.34
2014.05.06 04:33:45.584,1.94015,1.94044,1.00,1.34
2014.05.06 04:33:45.845,1.94006,1.94044,1.00,1.19
2014.05.06 04:33:46.434,1.94006,1.94045,1.00,1.34
2014.05.06 04:33:46.983,1.94006,1.94045,1.00,1.34
2014.05.06 04:33:47.810,1.94006,1.94045,1.00,1.34
2014.05.06 04:33:49.648,1.94006,1.94049,1.25,1.34
2014.05.06 04:33:49.699,1.94017,1.94049,1.00,1.27
2014.05.06 04:33:49.952,1.94008,1.94049,1.00,1.19
2014.05.06 04:33:50.053,1.94006,1.94049,1.25,1.49
2014.05.06 04:33:50.356,1.94002,1.94042,1.00,1.19
2014.05.06 04:33:50.407,1.93996,1.94042,1.69,1.19
2014.05.06 04:33:51.326,1.93996,1.94041,1.69,1.19
2014.05.06 04:33:51.874,1.93996,1.94042,1.19,1.19
2014.05.06 04:33:52.930,1.93996,1.9404,1.19,1.19
2014.05.06 04:33:53.615,1.93991,1.94024,1.69,1.00
2014.05.06 04:33:53.740,1.93987,1.94024,1.00,1.19
2014.05.06 04:33:53.892,1.93995,1.94029,1.00,1.19
2014.05.06 04:33:54.043,1.93995,1.94032,1.19,1.02
2014.05.06 04:33:54.094,1.93995,1.94035,1.19,1.77
2014.05.06 04:33:54.145,1.94003,1.94035,1.00,1.77
2014.05.06 04:33:54.426,1.94003,1.94038,1.00,1.19
2014.05.06 04:33:54.527,1.93997,1.94045,1.77,1.19
2014.05.06 04:33:54.679,1.94006,1.94045,1.00,1.19
2014.05.06 04:33:55.961,1.94006,1.94047,1.25,1.27
2014.05.06 04:33:56.465,1.94006,1.94046,1.00,1.29
2014.05.06 04:33:57.471,1.94006,1.94048,1.19,1.27
2014.05.06 04:33:58.014,1.94,1.94048,1.69,1.77
2014.05.06 04:33:58.377,1.94,1.94046,1.69,1.34
2014.05.06 04:33:58.920,1.94,1.9404,1.00,1.34
2014.05.06 04:33:59.191,1.94004,1.9404,1.00,1.34
2014.05.06 04:33:59.453,1.94007,1.94046,1.00,1.27
2014.05.06 04:34:00.066,1.94006,1.94046,1.50,1.19
2014.05.06 04:34:00.424,1.94006,1.94048,1.69,1.19
2014.05.06 04:34:00.745,1.94006,1.94046,1.50,1.19
2014.05.06 04:34:01.942,1.94006,1.94044,1.00,1.19
2014.05.06 04:34:02.906,1.94006,1.94047,1.19,1.19
2014.05.06 04:34:03.913,1.94006,1.94048,1.25,1.19
2014.05.06 04:34:06.925,1.94006,1.94046,1.00,1.19
2014.05.06 04:34:07.930,1.94006,1.94047,1.19,1.19
2014.05.06 04:34:08.934,1.94006,1.94048,1.25,1.19
2014.05.06 04:34:10.488,1.94005,1.94043,1.00,1.27
2014.05.06 04:34:10.654,1.93998,1.94043,1.19,1.27
2014.05.06 04:34:10.876,1.94006,1.94043,1.00,1.27
2014.05.06 04:34:11.489,1.94006,1.9404,1.00,1.19
2014.05.06 04:34:13.057,1.94006,1.94038,1.00,1.19
2014.05.06 04:34:13.455,1.94002,1.94038,1.00,1.29
2014.05.06 04:34:13.707,1.94007,1.94038,1.00,1.19
2014.05.06 04:34:14.010,1.94004,1.94048,1.02,1.19
2014.05.06 04:34:14.061,1.94004,1.94048,2.04,1.19
2014.05.06 04:34:14.566,1.94005,1.94048,2.04,1.19
2014.05.06 04:34:15.101,1.94016,1.94048,1.00,1.19
2014.05.06 04:34:15.834,1.94013,1.94048,1.00,1.29
2014.05.06 04:34:15.894,1.94006,1.94048,1.19,1.29
2014.05.06 04:34:16.126,1.94006,1.94035,1.00,1.19
2014.05.06 04:34:16.698,1.94005,1.94035,1.00,1.19
2014.05.06 04:34:16.828,1.94005,1.94037,1.00,1.19
2014.05.06 04:34:17.351,1.94016,1.94037,1.00,1.19
2014.05.06 04:34:17.554,1.94016,1.94045,1.00,1.19
2014.05.06 04:34:18.333,1.94012,1.94045,1.00,1.19
2014.05.06 04:34:18.434,1.94008,1.94045,1.00,1.19
2014.05.06 04:34:18.830,1.94008,1.94035,1.00,1.50
2014.05.06 04:34:18.880,1.94006,1.94033,1.50,1.02
2014.05.06 04:34:18.931,1.93986,1.94033,1.00,1.02
2014.05.06 04:34:18.982,1.93986,1.94018,1.00,1.19
2014.05.06 04:34:19.142,1.93976,1.94018,1.77,1.19
2014.05.06 04:34:19.369,1.93985,1.94009,1.00,1.19
2014.05.06 04:34:19.572,1.93975,1.94009,1.00,1.19
2014.05.06 04:34:19.778,1.93975,1.94,1.00,1.19
2014.05.06 04:34:20.105,1.93966,1.94,1.00,1.19
2014.05.06 04:34:20.156,1.93966,1.93995,1.00,1.19
2014.05.06 04:34:20.470,1.93962,1.93995,1.00,1.19
2014.05.06 04:34:20.606,1.93962,1.93997,1.08,1.19
2014.05.06 04:34:20.758,1.93967,1.94005,1.08,1.19
2014.05.06 04:34:21.010,1.93963,1.94005,1.19,1.19
2014.05.06 04:34:21.966,1.93965,1.93997,1.00,1.19
2014.05.06 04:34:22.435,1.93975,1.93997,1.00,1.19
2014.05.06 04:34:22.688,1.93977,1.94008,1.10,1.00
2014.05.06 04:34:22.739,1.93976,1.94013,1.40,1.19
2014.05.06 04:34:22.866,1.93985,1.94013,1.00,1.19
2014.05.06 04:34:22.968,1.93988,1.94028,1.00,1.19
2014.05.06 04:34:23.345,1.93988,1.94032,1.19,1.50
2014.05.06 04:34:23.498,1.93995,1.94035,1.00,1.02
2014.05.06 04:34:23.617,1.93985,1.94035,1.19,1.02
2014.05.06 04:34:23.668,1.93985,1.9403,1.19,1.30
2014.05.06 04:34:23.719,1.93975,1.94024,1.19,1.34
2014.05.06 04:34:24.028,1.9397,1.94021,1.29,1.29
2014.05.06 04:34:24.078,1.93976,1.94021,1.25,1.67
2014.05.06 04:34:24.390,1.93995,1.94025,1.00,1.57
2014.05.06 04:34:24.604,1.93993,1.94025,1.00,1.57
2014.05.06 04:34:24.705,1.93976,1.9402,1.19,1.19
2014.05.06 04:34:25.594,1.93986,1.9402,1.00,1.37
2014.05.06 04:34:25.846,1.93996,1.94032,1.00,1.29
2014.05.06 04:34:26.368,1.93985,1.94032,1.19,1.29
2014.05.06 04:34:26.469,1.93977,1.94029,1.77,1.19
2014.05.06 04:34:27.247,1.93983,1.94034,1.19,1.37
2014.05.06 04:34:27.793,1.93986,1.94034,1.34,1.19
2014.05.06 04:34:28.411,1.93996,1.94034,1.00,1.19
2014.05.06 04:34:28.562,1.93996,1.94039,1.19,1.19
2014.05.06 04:34:28.613,1.94006,1.94039,1.00,1.19
2014.05.06 04:34:28.815,1.93995,1.94039,1.34,1.19
2014.05.06 04:34:29.511,1.94005,1.94039,1.00,1.19
2014.05.06 04:34:29.562,1.94005,1.94041,1.00,1.19
2014.05.06 04:34:29.793,1.93995,1.94041,1.19,1.19
2014.05.06 04:34:30.526,1.93995,1.94038,1.19,1.19
2014.05.06 04:34:30.627,1.93986,1.94029,1.34,1.19
2014.05.06 04:34:30.728,1.93986,1.94029,1.19,1.19
2014.05.06 04:34:31.674,1.93975,1.94019,1.37,1.19
2014.05.06 04:34:32.178,1.93965,1.94009,1.34,1.19
2014.05.06 04:34:32.537,1.93976,1.94009,1.00,1.27
2014.05.06 04:34:33.143,1.93976,1.94008,1.00,1.27
2014.05.06 04:34:33.908,1.93965,1.94008,1.25,1.27
2014.05.06 04:34:34.147,1.93965,1.94006,1.25,1.19
2014.05.06 04:34:35.807,1.93959,1.93999,1.19,1.23
2014.05.06 04:34:36.110,1.93959,1.93989,1.19,1.88
2014.05.06 04:34:36.161,1.93937,1.93983,1.19,1.34
2014.05.06 04:34:36.465,1.93927,1.93971,1.02,1.19
2014.05.06 04:34:36.720,1.93916,1.93962,1.19,1.32
2014.05.06 04:34:36.981,1.93908,1.93958,1.02,1.19
2014.05.06 04:34:37.032,1.93906,1.93958,1.27,1.74
2014.05.06 04:34:37.869,1.93907,1.93958,1.02,1.27
2014.05.06 04:34:37.919,1.93914,1.93966,1.34,1.67
2014.05.06 04:34:39.042,1.93911,1.93961,1.77,1.19
2014.05.06 04:34:39.349,1.93896,1.93938,1.19,1.37
2014.05.06 04:34:39.652,1.93891,1.93942,1.19,1.34
2014.05.06 04:34:39.702,1.93894,1.93942,1.02,1.19
2014.05.06 04:34:40.056,1.93894,1.93951,1.77,1.37
2014.05.06 04:34:40.157,1.93916,1.93956,1.00,1.77
2014.05.06 04:34:40.257,1.93907,1.93956,1.19,1.77
2014.05.06 04:34:40.308,1.93911,1.93956,1.02,1.69
2014.05.06 04:34:40.840,1.93911,1.93957,1.77,1.19
2014.05.06 04:34:41.945,1.93911,1.93952,1.30,1.19
2014.05.06 04:34:42.197,1.93894,1.93944,1.34,1.19
2014.05.06 04:34:42.348,1.93887,1.9394,1.84,1.19
2014.05.06 04:34:43.052,1.93885,1.9393,1.50,1.19
2014.05.06 04:34:43.362,1.93874,1.93907,1.95,1.19
2014.05.06 04:34:43.463,1.93874,1.9391,1.95,1.19
2014.05.06 04:34:43.564,1.93868,1.9391,1.50,1.19
2014.05.06 04:34:44.066,1.93868,1.9391,1.50,1.19
2014.05.06 04:34:45.084,1.93873,1.93894,1.50,1.00
2014.05.06 04:34:45.236,1.93861,1.9388,1.00,1.00
2014.05.06 04:34:45.292,1.93842,1.93884,1.02,1.00
2014.05.06 04:34:45.394,1.93845,1.93895,1.09,1.94
2014.05.06 04:34:45.445,1.93845,1.93897,1.02,1.94
2014.05.06 04:34:45.496,1.93845,1.93897,2.00,1.87
2014.05.06 04:34:45.807,1.93855,1.93894,1.50,1.57
2014.05.06 04:34:46.146,1.93873,1.93891,1.50,1.00
2014.05.06 04:34:46.247,1.93867,1.93891,1.02,1.00
2014.05.06 04:34:46.298,1.93867,1.93909,1.02,1.19
2014.05.06 04:34:46.866,1.93872,1.93909,1.10,1.19
2014.05.06 04:34:46.967,1.93863,1.93909,1.34,1.19
2014.05.06 04:34:47.018,1.93873,1.93908,1.00,1.19
2014.05.06 04:34:47.320,1.93879,1.93908,1.00,1.19
2014.05.06 04:34:47.371,1.93865,1.93908,1.34,1.19
2014.05.06 04:34:47.839,1.9387,1.93916,1.29,1.19
2014.05.06 04:34:49.030,1.93865,1.93911,1.34,1.19
2014.05.06 04:34:49.176,1.93868,1.93911,1.27,1.19
2014.05.06 04:34:49.432,1.93869,1.93917,1.34,1.19
2014.05.06 04:34:49.640,1.93872,1.93917,1.02,1.19
2014.05.06 04:34:49.741,1.93872,1.93916,1.27,1.19
2014.05.06 04:34:49.792,1.93869,1.93912,1.37,1.19
2014.05.06 04:34:49.843,1.93865,1.93909,1.27,1.19
2014.05.06 04:34:50.146,1.93875,1.9392,1.34,1.57
2014.05.06 04:34:51.045,1.93877,1.93925,1.34,1.19
2014.05.06 04:34:51.415,1.93879,1.93925,1.02,1.19
2014.05.06 04:34:51.717,1.93876,1.93901,1.00,1.10
2014.05.06 04:34:52.020,1.93886,1.93917,1.00,1.32
2014.05.06 04:34:52.071,1.93894,1.93934,1.19,1.45
2014.05.06 04:34:52.273,1.93883,1.93933,1.94,1.64
2014.05.06 04:34:52.374,1.93883,1.93924,1.53,1.45
2014.05.06 04:34:52.491,1.93876,1.93922,2.85,1.32
2014.05.06 04:34:52.643,1.93876,1.93904,1.19,1.00
2014.05.06 04:34:52.694,1.93869,1.93904,1.57,1.00
2014.05.06 04:34:52.795,1.93869,1.93904,1.94,1.00
2014.05.06 04:34:52.846,1.93872,1.93917,1.02,1.69
2014.05.06 04:34:53.196,1.93875,1.93917,1.02,1.19
2014.05.06 04:34:53.398,1.9388,1.93933,1.77,1.57
2014.05.06 04:34:53.759,1.9388,1.93932,1.50,1.19
2014.05.06 04:34:54.169,1.93884,1.93932,1.50,1.19
2014.05.06 04:34:54.220,1.9388,1.93932,1.83,1.19
2014.05.06 04:34:54.574,1.93878,1.93935,1.50,1.64
2014.05.06 04:34:55.371,1.93875,1.93935,1.50,1.27
2014.05.06 04:34:55.421,1.93873,1.93923,1.83,1.00
2014.05.06 04:34:56.087,1.93872,1.93918,1.50,1.19
2014.05.06 04:34:57.581,1.93872,1.93915,1.50,1.19
2014.05.06 04:34:57.954,1.93875,1.93915,2.25,1.19
2014.05.06 04:34:58.459,1.9388,1.93915,1.50,1.19
2014.05.06 04:34:58.915,1.9388,1.93918,1.50,1.19
2014.05.06 04:34:59.222,1.93881,1.93918,1.83,1.19
2014.05.06 04:34:59.601,1.93884,1.93909,1.50,1.19
2014.05.06 04:34:59.702,1.93884,1.93916,1.50,1.19
2014.05.06 04:34:59.854,1.93884,1.93925,1.50,1.19
2014.05.06 04:35:00.005,1.93902,1.93925,1.83,1.19
2014.05.06 04:35:00.056,1.93902,1.93934,1.83,1.19
2014.05.06 04:35:00.107,1.93907,1.93934,1.50,1.19
2014.05.06 04:35:00.714,1.93907,1.93942,1.50,1.19
2014.05.06 04:35:01.522,1.93903,1.93942,1.50,1.19
2014.05.06 04:35:01.587,1.93902,1.93942,2.25,1.19
2014.05.06 04:35:01.741,1.93898,1.93942,1.02,1.19
2014.05.06 04:35:01.792,1.93896,1.93942,1.34,1.19
2014.05.06 04:35:01.842,1.93896,1.9393,1.83,1.19
2014.05.06 04:35:01.944,1.93896,1.93942,1.83,1.19
2014.05.06 04:35:02.196,1.93896,1.93942,1.58,1.19
2014.05.06 04:35:02.813,1.93893,1.93942,1.02,1.19
2014.05.06 04:35:02.914,1.93891,1.93942,1.02,1.19
2014.05.06 04:35:03.448,1.93891,1.93941,1.77,1.19
2014.05.06 04:35:04.339,1.93893,1.9394,1.34,1.19
2014.05.06 04:35:04.732,1.93895,1.9394,2.04,1.19
2014.05.06 04:35:04.952,1.93895,1.9394,1.34,1.19
2014.05.06 04:35:05.502,1.93893,1.9394,1.34,1.19
2014.05.06 04:35:05.981,1.93893,1.93941,1.34,1.19
2014.05.06 04:35:06.465,1.9389,1.93938,1.27,1.19
2014.05.06 04:35:06.773,1.93887,1.93933,1.19,1.19
2014.05.06 04:35:07.366,1.93895,1.93933,1.00,1.19
2014.05.06 04:35:07.662,1.93895,1.93935,1.00,1.29
2014.05.06 04:35:08.197,1.93887,1.93935,1.19,1.29
2014.05.06 04:35:08.275,1.93895,1.93935,1.84,1.29
2014.05.06 04:35:08.376,1.93915,1.93948,1.00,1.69
2014.05.06 04:35:08.478,1.93915,1.93958,1.19,1.57
2014.05.06 04:35:08.579,1.93908,1.9395,1.85,1.19
2014.05.06 04:35:08.730,1.93896,1.93933,1.00,1.19
2014.05.06 04:35:08.781,1.93906,1.93928,1.00,1.19
2014.05.06 04:35:09.375,1.93906,1.93939,1.00,1.67
2014.05.06 04:35:09.577,1.93895,1.93939,1.27,1.19
2014.05.06 04:35:10.381,1.93895,1.93942,1.27,1.19
2014.05.06 04:35:11.336,1.93896,1.93933,1.00,1.19
2014.05.06 04:35:11.841,1.93896,1.93943,2.03,1.50
2014.05.06 04:35:11.942,1.93916,1.93952,1.00,1.19
2014.05.06 04:35:12.043,1.93916,1.93961,1.19,1.34
2014.05.06 04:35:12.144,1.93907,1.93953,1.27,1.27
2014.05.06 04:35:12.245,1.93905,1.93947,1.69,1.19
2014.05.06 04:35:12.399,1.93896,1.93938,1.34,1.19
2014.05.06 04:35:13.541,1.93895,1.93943,1.84,1.19
2014.05.06 04:35:14.549,1.93898,1.93946,1.19,1.19
2014.05.06 04:35:15.315,1.93898,1.93946,1.53,1.19
2014.05.06 04:35:15.623,1.93916,1.93946,1.00,1.19
2014.05.06 04:35:15.841,1.93909,1.93946,1.65,1.19
2014.05.06 04:35:15.942,1.93906,1.93952,1.54,1.19
2014.05.06 04:35:16.923,1.93905,1.93948,1.19,1.29
2014.05.06 04:35:18.975,1.93906,1.93952,1.19,1.19
2014.05.06 04:35:19.317,1.93915,1.93952,1.00,1.19
2014.05.06 04:35:19.977,1.93915,1.93952,1.00,1.19
2014.05.06 04:35:20.078,1.93926,1.93964,1.00,1.27
2014.05.06 04:35:20.179,1.93926,1.93969,1.19,1.34
2014.05.06 04:35:20.431,1.93935,1.93969,1.00,1.19
2014.05.06 04:35:20.482,1.93935,1.9398,1.19,1.27
2014.05.06 04:35:21.501,1.93935,1.93982,1.19,1.34
2014.05.06 04:35:22.500,1.93935,1.93977,1.19,1.19
2014.05.06 04:35:22.805,1.93925,1.9397,1.02,1.19
2014.05.06 04:35:22.957,1.93922,1.9397,1.34,1.19
2014.05.06 04:35:23.673,1.93918,1.93964,1.30,1.19
2014.05.06 04:35:24.585,1.93923,1.93974,1.30,1.19
2014.05.06 04:35:25.045,1.93923,1.93959,1.30,1.00
2014.05.06 04:35:25.197,1.93895,1.93949,1.34,1.15
2014.05.06 04:35:25.247,1.93895,1.93945,1.19,1.50
2014.05.06 04:35:25.550,1.93891,1.93933,1.19,1.15
2014.05.06 04:35:25.852,1.93891,1.93924,1.19,1.50
2014.05.06 04:35:25.989,1.93886,1.93921,1.00,1.02
2014.05.06 04:35:26.356,1.93903,1.93921,1.00,1.02
2014.05.06 04:35:26.407,1.93905,1.93924,1.00,1.69
2014.05.06 04:35:26.508,1.93905,1.93933,1.00,1.19
2014.05.06 04:35:26.690,1.93887,1.93935,1.19,1.77
2014.05.06 04:35:26.741,1.93887,1.9393,1.19,1.02
2014.05.06 04:35:26.843,1.93885,1.93923,1.00,1.02
2014.05.06 04:35:27.540,1.93891,1.93923,1.84,1.02
2014.05.06 04:35:27.641,1.93891,1.9393,2.85,1.00
2014.05.06 04:35:27.692,1.93915,1.9393,1.00,1.00
2014.05.06 04:35:27.742,1.93915,1.93933,1.25,1.00
2014.05.06 04:35:27.895,1.93909,1.93952,1.19,1.19
2014.05.06 04:35:28.211,1.93909,1.93946,1.19,1.00
2014.05.06 04:35:28.496,1.93909,1.93954,1.19,1.34
2014.05.06 04:35:28.601,1.93914,1.93954,1.02,1.19
2014.05.06 04:35:28.702,1.93936,1.93967,1.53,1.05
2014.05.06 04:35:28.752,1.93941,1.93967,1.19,1.05
2014.05.06 04:35:28.803,1.93941,1.93985,1.19,3.41
2014.05.06 04:35:28.904,1.93941,1.93985,1.19,1.02
2014.05.06 04:35:29.033,1.93932,1.93985,1.19,1.77
2014.05.06 04:35:29.135,1.93922,1.93976,1.02,1.19
2014.05.06 04:35:29.185,1.93919,1.93976,1.34,1.34
2014.05.06 04:35:29.287,1.93924,1.93976,1.02,1.19
2014.05.06 04:35:29.590,1.93935,1.93991,1.34,1.72
2014.05.06 04:35:30.564,1.93932,1.93992,1.77,1.34
2014.05.06 04:35:30.883,1.93937,1.93992,1.02,1.27
