2017.01.03 01:00:00.227,1.77089,1.77134,1.00,1.00
2017.01.03 01:00:00.479,1.77066,1.77126,1.00,1.00
2017.01.03 01:00:00.601,1.77068,1.77125,1.00,1.00
2017.01.03 01:00:00.651,1.77065,1.77124,1.00,1.00
2017.01.03 01:00:00.702,1.77066,1.77126,1.00,1.00
2017.01.03 01:00:00.752,1.77065,1.77123,1.00,1.00
2017.01.03 01:00:01.066,1.77086,1.77143,1.00,1.75
2017.01.03 01:00:01.143,1.77086,1.77144,1.50,1.00
2017.01.03 01:00:01.194,1.77088,1.77145,1.00,1.00
2017.01.03 01:00:01.530,1.77086,1.77139,1.00,1.00
2017.01.03 01:00:01.739,1.77086,1.77141,1.00,1.00
2017.01.03 01:00:02.116,1.77087,1.77146,1.00,1.00
2017.01.03 01:00:02.166,1.77089,1.77146,1.00,1.00
2017.01.03 01:00:02.217,1.7709,1.7715,1.00,1.00
2017.01.03 01:00:02.415,1.77094,1.7715,1.00,1.00
2017.01.03 01:00:03.019,1.77094,1.77149,1.00,1.00
2017.01.03 01:00:03.340,1.77078,1.7713,1.37,1.00
2017.01.03 01:00:03.391,1.77078,1.7713,1.00,1.00
2017.01.03 01:00:03.441,1.77078,1.77128,1.00,1.00
2017.01.03 01:00:03.492,1.77071,1.7713,2.25,1.00
2017.01.03 01:00:03.542,1.77071,1.77127,1.75,1.00
2017.01.03 01:00:03.643,1.77071,1.77127,1.00,1.00
2017.01.03 01:00:03.749,1.77071,1.77123,1.00,1.00
2017.01.03 01:00:04.262,1.77071,1.77122,1.00,1.00
2017.01.03 01:00:04.613,1.77064,1.77122,2.25,1.00
2017.01.03 01:00:05.114,1.77064,1.77121,1.75,1.00
2017.01.03 01:00:07.252,1.77064,1.77106,1.75,1.00
2017.01.03 01:00:07.302,1.77064,1.77111,1.75,1.00
2017.01.03 01:00:07.353,1.77053,1.7711,1.75,1.00
2017.01.03 01:00:07.403,1.77053,1.77108,1.75,1.00
2017.01.03 01:00:07.454,1.77053,1.77107,1.00,1.00
2017.01.03 01:00:07.504,1.77053,1.77105,1.00,1.00
2017.01.03 01:00:07.605,1.77053,1.77107,1.00,1.00
2017.01.03 01:00:07.806,1.77053,1.77109,1.00,1.00
2017.01.03 01:00:08.315,1.77053,1.7711,1.00,1.00
2017.01.03 01:00:08.521,1.77067,1.77116,1.00,1.00
2017.01.03 01:00:08.770,1.77077,1.7713,1.00,1.00
2017.01.03 01:00:08.971,1.77077,1.77132,1.00,1.00
2017.01.03 01:00:09.292,1.77077,1.77134,1.00,1.00
2017.01.03 01:00:09.348,1.77077,1.77132,1.00,1.00
2017.01.03 01:00:10.092,1.77072,1.77132,1.50,1.00
2017.01.03 01:00:10.143,1.77072,1.77129,1.50,1.00
2017.01.03 01:00:10.467,1.77071,1.7713,1.00,1.00
2017.01.03 01:00:10.770,1.77069,1.77119,1.50,1.00
2017.01.03 01:00:10.871,1.77058,1.77117,2.25,1.00
2017.01.03 01:00:10.921,1.77058,1.77109,1.75,1.00
2017.01.03 01:00:10.972,1.77058,1.77109,1.00,1.00
2017.01.03 01:00:11.123,1.7705,1.7711,1.75,1.00
2017.01.03 01:00:11.174,1.7705,1.77107,1.00,1.00
2017.01.03 01:00:11.224,1.77052,1.77109,1.00,1.00
2017.01.03 01:00:11.375,1.77051,1.77111,1.00,1.00
2017.01.03 01:00:11.482,1.7705,1.77109,1.00,1.00
2017.01.03 01:00:12.099,1.77049,1.77108,1.50,1.00
2017.01.03 01:00:12.738,1.77049,1.77107,1.50,1.00
2017.01.03 01:00:13.206,1.77049,1.77109,1.50,1.00
2017.01.03 01:00:14.246,1.7705,1.7711,1.00,1.00
2017.01.03 01:00:14.552,1.77049,1.77108,1.50,1.00
2017.01.03 01:00:16.012,1.7705,1.7711,1.00,1.00
2017.01.03 01:00:16.172,1.77052,1.77112,1.00,1.00
2017.01.03 01:00:16.555,1.7705,1.77109,1.00,1.00
2017.01.03 01:00:16.942,1.77052,1.77109,1.00,1.00
2017.01.03 01:00:18.404,1.7705,1.77109,1.00,1.00
2017.01.03 01:00:18.454,1.77049,1.77105,1.00,1.00
2017.01.03 01:00:18.778,1.77044,1.77101,1.75,1.00
2017.01.03 01:00:19.262,1.77043,1.77099,1.75,1.00
2017.01.03 01:00:19.816,1.77043,1.77098,1.75,1.00
2017.01.03 01:00:20.327,1.77043,1.77101,1.75,1.00
2017.01.03 01:00:21.731,1.77043,1.77096,1.75,1.00
2017.01.03 01:00:21.781,1.77043,1.771,1.75,1.00
2017.01.03 01:00:21.836,1.77043,1.77098,1.75,1.00
2017.01.03 01:00:21.887,1.77043,1.77098,1.00,1.00
2017.01.03 01:00:21.937,1.77043,1.77095,1.00,1.00
2017.01.03 01:00:22.125,1.77035,1.77092,1.75,1.00
2017.01.03 01:00:22.482,1.77035,1.7709,1.75,1.00
2017.01.03 01:00:22.767,1.77035,1.7709,1.37,1.00
2017.01.03 01:00:23.942,1.77035,1.77091,1.00,1.00
2017.01.03 01:00:24.734,1.77035,1.7709,1.00,1.00
2017.01.03 01:00:24.915,1.77048,1.77094,1.00,1.00
2017.01.03 01:00:25.217,1.77087,1.7712,1.00,1.00
2017.01.03 01:00:25.369,1.77111,1.77151,1.00,1.00
2017.01.03 01:00:25.419,1.77117,1.77151,1.00,1.00
2017.01.03 01:00:25.470,1.77118,1.77158,1.00,1.00
2017.01.03 01:00:25.671,1.77119,1.77156,1.00,1.00
2017.01.03 01:00:25.772,1.7712,1.77161,1.00,1.00
2017.01.03 01:00:25.873,1.77119,1.77159,1.00,1.00
2017.01.03 01:00:26.190,1.77126,1.7717,1.00,1.00
2017.01.03 01:00:26.504,1.77133,1.77171,1.00,1.00
2017.01.03 01:00:27.133,1.77132,1.77171,1.00,1.00
2017.01.03 01:00:27.576,1.77135,1.77179,1.00,1.00
2017.01.03 01:00:27.878,1.77132,1.7718,1.00,1.00
2017.01.03 01:00:27.928,1.77144,1.7718,1.00,1.00
2017.01.03 01:00:27.979,1.77143,1.77186,1.00,1.00
2017.01.03 01:00:28.281,1.77144,1.77193,1.00,1.00
2017.01.03 01:00:28.793,1.77145,1.77193,1.00,1.00
2017.01.03 01:00:28.947,1.77149,1.77193,1.00,1.00
2017.01.03 01:00:28.998,1.77152,1.77197,1.00,1.00
2017.01.03 01:00:29.099,1.77153,1.772,1.00,1.00
2017.01.03 01:00:30.078,1.77152,1.772,1.00,1.00
2017.01.03 01:00:30.179,1.77153,1.77205,1.00,1.00
2017.01.03 01:00:30.281,1.77155,1.77205,1.00,1.00
2017.01.03 01:00:30.600,1.77155,1.77203,1.00,1.00
2017.01.03 01:00:31.029,1.77152,1.77202,1.00,1.00
2017.01.03 01:00:31.370,1.77152,1.772,1.00,1.00
2017.01.03 01:00:31.699,1.77155,1.772,1.00,1.00
2017.01.03 01:00:31.795,1.77155,1.77202,1.00,1.00
2017.01.03 01:00:31.967,1.77149,1.77202,1.00,1.00
2017.01.03 01:00:32.217,1.77147,1.77203,1.50,1.00
2017.01.03 01:00:32.296,1.77149,1.77203,1.00,1.00
2017.01.03 01:00:32.397,1.77149,1.77206,1.00,1.00
2017.01.03 01:00:32.448,1.77151,1.77206,1.00,1.00
2017.01.03 01:00:32.970,1.77151,1.77203,1.50,1.00
2017.01.03 01:00:33.277,1.77151,1.77208,1.50,1.00
2017.01.03 01:00:33.328,1.77153,1.77208,1.00,1.00
2017.01.03 01:00:33.378,1.77153,1.7721,1.00,1.00
2017.01.03 01:00:33.586,1.77152,1.77207,1.00,1.00
2017.01.03 01:00:33.888,1.7717,1.77223,1.00,1.00
2017.01.03 01:00:34.190,1.7717,1.77219,1.00,1.00
2017.01.03 01:00:34.726,1.7717,1.7722,1.00,1.00
2017.01.03 01:00:36.111,1.7717,1.77224,1.00,1.00
2017.01.03 01:00:36.495,1.7717,1.77226,1.00,1.00
2017.01.03 01:00:37.009,1.7717,1.77225,1.00,1.00
2017.01.03 01:00:37.496,1.7717,1.77218,1.00,1.00
2017.01.03 01:00:37.748,1.77139,1.77197,1.75,1.00
2017.01.03 01:00:37.799,1.77139,1.77197,1.00,1.00
2017.01.03 01:00:38.200,1.77147,1.77197,1.00,1.00
2017.01.03 01:00:38.402,1.77147,1.77202,1.00,1.00
2017.01.03 01:00:38.936,1.77147,1.77203,1.00,1.00
2017.01.03 01:00:40.690,1.77147,1.77204,1.00,1.50
2017.01.03 01:00:41.331,1.77147,1.77205,1.00,1.50
2017.01.03 01:00:42.098,1.77147,1.7721,1.00,1.00
2017.01.03 01:00:42.199,1.77153,1.77211,1.00,1.00
2017.01.03 01:00:42.735,1.77153,1.77212,1.50,1.00
2017.01.03 01:00:50.122,1.77153,1.77211,1.50,1.00
2017.01.03 01:00:55.230,1.77153,1.77209,1.50,1.00
2017.01.03 01:00:56.068,1.77153,1.77207,1.50,1.00
2017.01.03 01:00:56.279,1.77153,1.77209,1.50,1.50
2017.01.03 01:00:56.412,1.77153,1.77206,1.50,1.00
2017.01.03 01:00:56.462,1.77153,1.77208,1.50,1.00
2017.01.03 01:00:56.605,1.77154,1.77211,1.12,1.00
2017.01.03 01:00:56.655,1.77161,1.77211,1.00,1.00
2017.01.03 01:00:56.706,1.77161,1.77219,1.00,1.00
2017.01.03 01:00:56.756,1.77171,1.77222,1.00,1.00
2017.01.03 01:00:57.134,1.77171,1.77226,1.00,1.00
2017.01.03 01:00:58.027,1.77171,1.77225,1.00,1.00
2017.01.03 01:01:00.108,1.77171,1.77227,1.00,1.00
2017.01.03 01:01:00.516,1.77171,1.77221,1.00,1.50
2017.01.03 01:01:00.769,1.77162,1.77213,1.00,1.00
2017.01.03 01:01:00.870,1.77154,1.77213,1.75,1.00
2017.01.03 01:01:00.997,1.77154,1.77213,1.00,1.00
2017.01.03 01:01:01.250,1.77154,1.77216,1.00,1.00
2017.01.03 01:01:01.352,1.77154,1.77216,1.37,1.00
2017.01.03 01:01:01.699,1.77161,1.77214,1.00,1.00
2017.01.03 01:01:01.949,1.77161,1.77216,1.00,1.00
2017.01.03 01:01:02.049,1.77161,1.7722,1.00,1.00
2017.01.03 01:01:02.150,1.77161,1.77224,1.00,1.50
2017.01.03 01:01:02.698,1.77161,1.77223,1.00,1.00
2017.01.03 01:01:02.749,1.77161,1.77221,1.00,1.00
2017.01.03 01:01:03.087,1.77161,1.77217,1.00,1.00
2017.01.03 01:01:03.413,1.77161,1.77214,1.00,1.00
2017.01.03 01:01:03.509,1.77161,1.77216,1.00,1.50
2017.01.03 01:01:03.749,1.77161,1.77219,1.00,1.00
2017.01.03 01:01:03.850,1.77161,1.77221,1.00,1.00
2017.01.03 01:01:03.952,1.77161,1.77219,1.00,1.00
2017.01.03 01:01:04.241,1.77164,1.77227,1.00,1.87
2017.01.03 01:01:04.342,1.77172,1.77228,1.00,1.37
2017.01.03 01:01:04.392,1.77172,1.77229,1.00,1.00
2017.01.03 01:01:05.330,1.77181,1.77235,1.00,1.50
2017.01.03 01:01:06.007,1.77181,1.77234,1.00,1.00
2017.01.03 01:01:06.520,1.77181,1.77232,1.00,1.00
2017.01.03 01:01:06.711,1.77172,1.77228,1.12,1.00
2017.01.03 01:01:06.762,1.77172,1.7723,1.12,1.50
2017.01.03 01:01:07.412,1.77172,1.77231,1.12,1.00
2017.01.03 01:01:08.204,1.77172,1.77228,1.12,1.00
2017.01.03 01:01:08.541,1.77172,1.77225,1.12,1.00
2017.01.03 01:01:08.591,1.77172,1.77227,1.12,1.00
2017.01.03 01:01:09.264,1.77172,1.77226,1.12,1.00
2017.01.03 01:01:09.462,1.77172,1.77229,1.12,1.50
2017.01.03 01:01:09.804,1.77172,1.77226,1.12,1.00
2017.01.03 01:01:10.334,1.77172,1.77225,1.12,1.50
2017.01.03 01:01:10.616,1.77172,1.77228,1.12,1.50
2017.01.03 01:01:11.122,1.77172,1.77227,1.12,1.00
2017.01.03 01:01:11.668,1.77172,1.77226,1.12,1.50
2017.01.03 01:01:12.667,1.77172,1.77228,1.12,1.50
2017.01.03 01:01:12.975,1.77172,1.77226,1.12,1.00
2017.01.03 01:01:13.224,1.77172,1.77228,1.12,1.00
2017.01.03 01:01:13.275,1.77172,1.7723,1.12,1.00
2017.01.03 01:01:13.376,1.77174,1.77238,1.00,1.87
2017.01.03 01:01:13.426,1.77181,1.7724,1.00,1.50
2017.01.03 01:01:14.321,1.77181,1.77239,1.00,1.00
2017.01.03 01:01:14.964,1.77181,1.77237,1.00,1.00
2017.01.03 01:01:15.266,1.77171,1.77227,1.75,1.00
2017.01.03 01:01:15.316,1.77171,1.77227,1.12,1.00
2017.01.03 01:01:15.736,1.77163,1.77227,1.12,1.00
2017.01.03 01:01:18.196,1.77163,1.77229,1.12,1.12
2017.01.03 01:01:18.297,1.7717,1.7723,1.00,1.37
2017.01.03 01:01:23.063,1.7717,1.77228,1.00,1.00
2017.01.03 01:01:23.214,1.7717,1.7723,1.37,1.50
2017.01.03 01:01:23.454,1.7717,1.77225,1.37,1.00
2017.01.03 01:01:23.638,1.7717,1.77227,1.37,1.00
2017.01.03 01:01:24.350,1.7717,1.7723,1.37,1.00
2017.01.03 01:01:24.441,1.7717,1.77216,1.37,1.00
2017.01.03 01:01:24.644,1.77152,1.77206,1.00,1.00
2017.01.03 01:01:24.695,1.77152,1.77204,1.00,1.00
2017.01.03 01:01:24.946,1.77143,1.772,1.00,1.00
2017.01.03 01:01:25.452,1.77143,1.77201,1.00,1.00
2017.01.03 01:01:26.120,1.77143,1.77197,1.00,1.00
2017.01.03 01:01:26.171,1.77131,1.77197,1.75,1.50
2017.01.03 01:01:26.222,1.77131,1.77197,1.12,1.00
2017.01.03 01:01:26.272,1.77131,1.77195,1.12,1.00
2017.01.03 01:01:26.404,1.77131,1.77197,1.87,2.25
2017.01.03 01:01:26.930,1.77139,1.77199,1.00,1.87
2017.01.03 01:01:27.031,1.77139,1.77201,1.12,1.00
2017.01.03 01:01:27.266,1.77139,1.77203,1.12,1.00
2017.01.03 01:01:27.518,1.77139,1.77201,1.12,1.00
2017.01.03 01:01:28.076,1.77139,1.77202,1.12,1.00
2017.01.03 01:01:32.478,1.77139,1.77204,1.12,1.00
2017.01.03 01:01:32.629,1.77142,1.77205,1.00,1.00
2017.01.03 01:01:32.949,1.77147,1.77206,1.00,1.12
2017.01.03 01:01:33.050,1.77147,1.77208,1.12,1.00
2017.01.03 01:01:33.201,1.77147,1.7721,1.12,1.00
2017.01.03 01:01:33.252,1.77147,1.77206,1.12,1.00
2017.01.03 01:01:33.569,1.77147,1.77198,1.12,1.00
2017.01.03 01:01:33.982,1.77147,1.772,1.12,1.00
2017.01.03 01:01:34.083,1.77147,1.77203,1.12,1.00
2017.01.03 01:01:34.505,1.77147,1.77205,1.12,1.00
2017.01.03 01:01:35.130,1.77148,1.77205,1.00,1.00
2017.01.03 01:01:35.733,1.77147,1.77203,1.12,1.00
2017.01.03 01:01:36.055,1.77147,1.77199,1.12,1.00
2017.01.03 01:01:38.280,1.7714,1.77197,1.75,1.00
2017.01.03 01:01:38.381,1.7714,1.77196,1.00,1.00
2017.01.03 01:01:38.432,1.7714,1.77192,1.00,1.00
2017.01.03 01:01:38.532,1.7714,1.77194,1.00,1.00
2017.01.03 01:01:38.791,1.7714,1.77191,1.00,1.00
2017.01.03 01:01:38.979,1.77133,1.77191,1.75,1.00
2017.01.03 01:01:39.191,1.77136,1.77193,1.37,1.00
2017.01.03 01:01:39.394,1.77135,1.77195,1.50,1.00
2017.01.03 01:01:39.977,1.77137,1.77194,1.37,1.00
2017.01.03 01:01:40.257,1.77144,1.77201,1.00,1.00
2017.01.03 01:01:40.308,1.77146,1.77205,1.00,1.12
2017.01.03 01:01:40.358,1.77149,1.77205,1.00,1.12
2017.01.03 01:01:40.565,1.7715,1.77208,1.00,1.12
2017.01.03 01:01:41.220,1.7715,1.77209,1.50,1.00
2017.01.03 01:01:41.271,1.77151,1.77211,1.00,1.00
2017.01.03 01:01:41.931,1.77152,1.77211,1.00,1.00
2017.01.03 01:01:45.070,1.7715,1.77211,1.50,1.00
2017.01.03 01:01:45.120,1.77151,1.77209,1.00,1.00
2017.01.03 01:01:47.081,1.77151,1.77211,1.00,1.00
2017.01.03 01:01:47.132,1.77153,1.7721,1.00,1.00
2017.01.03 01:01:47.434,1.77142,1.77196,1.75,1.00
2017.01.03 01:01:47.593,1.77142,1.77196,1.00,1.00
2017.01.03 01:01:50.379,1.77142,1.77197,1.00,1.00
2017.01.03 01:01:51.534,1.77142,1.77199,1.00,1.00
2017.01.03 01:01:51.822,1.7715,1.77206,1.00,1.00
2017.01.03 01:01:52.074,1.77161,1.77223,1.00,1.00
2017.01.03 01:01:52.175,1.77161,1.77225,1.50,1.00
2017.01.03 01:01:52.275,1.77169,1.77228,1.00,1.37
2017.01.03 01:01:52.578,1.77157,1.77215,1.00,1.00
2017.01.03 01:01:53.006,1.77157,1.77213,1.00,1.00
2017.01.03 01:01:53.207,1.77147,1.77206,1.00,1.00
2017.01.03 01:01:53.603,1.77147,1.77209,1.00,1.00
2017.01.03 01:01:53.704,1.77147,1.77212,1.00,1.00
2017.01.03 01:01:54.265,1.77147,1.77213,1.00,2.25
2017.01.03 01:01:54.397,1.77149,1.77213,1.00,1.00
2017.01.03 01:01:54.795,1.77152,1.77213,1.00,1.00
2017.01.03 01:01:55.313,1.77151,1.77213,1.00,1.00
2017.01.03 01:01:56.334,1.77155,1.77219,1.00,1.75
2017.01.03 01:01:56.485,1.77156,1.77219,1.00,1.00
2017.01.03 01:01:57.120,1.77155,1.77219,1.50,1.00
2017.01.03 01:01:57.476,1.77157,1.77219,1.00,1.00
2017.01.03 01:01:58.076,1.77156,1.77219,1.00,1.00
2017.01.03 01:01:58.730,1.77155,1.77218,1.00,1.00
2017.01.03 01:01:59.229,1.77155,1.77216,1.00,1.00
2017.01.03 01:01:59.330,1.77155,1.77219,1.00,1.00
2017.01.03 01:01:59.404,1.77164,1.77223,1.00,1.50
2017.01.03 01:01:59.707,1.77148,1.77197,2.47,1.00
2017.01.03 01:01:59.807,1.77143,1.77197,1.00,1.00
2017.01.03 01:02:00.071,1.77128,1.77181,1.75,1.00
2017.01.03 01:02:00.172,1.77116,1.77177,1.75,1.00
2017.01.03 01:02:00.272,1.77116,1.77176,1.00,1.00
2017.01.03 01:02:00.418,1.77116,1.77172,1.00,1.00
2017.01.03 01:02:00.758,1.77109,1.77165,1.37,1.00
2017.01.03 01:02:00.809,1.77099,1.77164,1.75,1.50
2017.01.03 01:02:00.859,1.77099,1.77162,1.37,1.00
2017.01.03 01:02:00.910,1.77099,1.77162,1.00,1.00
2017.01.03 01:02:02.182,1.77106,1.77164,1.00,1.50
2017.01.03 01:02:02.384,1.77109,1.77171,1.00,1.00
2017.01.03 01:02:02.535,1.77107,1.77171,1.00,1.00
2017.01.03 01:02:05.316,1.77107,1.77163,1.00,1.00
2017.01.03 01:02:05.517,1.77095,1.77158,1.00,1.00
2017.01.03 01:02:05.604,1.77102,1.77162,1.00,1.37
2017.01.03 01:02:06.107,1.77102,1.77162,1.12,1.00
2017.01.03 01:02:06.399,1.77102,1.77165,1.12,1.00
2017.01.03 01:02:06.500,1.77102,1.77163,1.12,1.00
2017.01.03 01:02:06.550,1.77102,1.77166,1.12,1.50
2017.01.03 01:02:06.752,1.77102,1.77164,1.12,1.00
2017.01.03 01:02:09.391,1.77102,1.77162,1.12,1.00
2017.01.03 01:02:09.844,1.77102,1.77166,1.12,2.25
2017.01.03 01:02:09.895,1.77111,1.77166,1.00,1.50
2017.01.03 01:02:10.197,1.77111,1.77164,1.00,1.00
2017.01.03 01:02:10.348,1.77111,1.77166,1.00,1.00
2017.01.03 01:02:10.499,1.77111,1.77163,1.00,1.00
2017.01.03 01:02:10.601,1.77102,1.77163,1.75,1.00
2017.01.03 01:02:10.702,1.77102,1.77165,1.00,1.00
2017.01.03 01:02:10.803,1.77103,1.77168,1.00,1.50
2017.01.03 01:02:11.208,1.77102,1.7716,1.12,1.00
2017.01.03 01:02:11.460,1.77102,1.77162,1.00,1.00
2017.01.03 01:02:11.611,1.77092,1.77154,2.25,1.00
2017.01.03 01:02:11.662,1.77092,1.77157,1.75,1.00
2017.01.03 01:02:11.713,1.77092,1.77157,1.12,1.00
2017.01.03 01:02:12.038,1.77093,1.77152,1.00,1.00
2017.01.03 01:02:13.678,1.77093,1.77154,1.00,1.00
2017.01.03 01:02:13.879,1.77094,1.77156,1.00,1.00
2017.01.03 01:02:13.930,1.77094,1.77153,1.00,1.00
2017.01.03 01:02:14.314,1.77096,1.77157,1.00,1.00
2017.01.03 01:02:14.552,1.77098,1.77157,1.00,1.00
2017.01.03 01:02:14.653,1.77096,1.77157,1.00,1.00
2017.01.03 01:02:14.768,1.77098,1.77157,1.00,1.00
2017.01.03 01:02:15.273,1.77096,1.77158,1.00,1.50
2017.01.03 01:02:15.711,1.77092,1.77147,1.12,1.00
2017.01.03 01:02:15.913,1.77084,1.77145,1.50,1.00
2017.01.03 01:02:15.973,1.77084,1.77143,1.50,1.00
2017.01.03 01:02:16.727,1.77088,1.77147,1.00,1.00
2017.01.03 01:02:17.040,1.77108,1.77164,1.00,1.12
2017.01.03 01:02:17.123,1.77108,1.77167,1.87,1.00
2017.01.03 01:02:17.276,1.77114,1.77174,1.00,1.50
2017.01.03 01:02:17.327,1.77124,1.77174,1.00,1.00
2017.01.03 01:02:17.478,1.77132,1.77191,1.00,1.00
2017.01.03 01:02:17.529,1.77134,1.77191,1.00,1.00
2017.01.03 01:02:17.835,1.77139,1.77197,1.00,1.75
2017.01.03 01:02:17.936,1.77139,1.77198,1.00,1.00
2017.01.03 01:02:18.087,1.77139,1.77194,1.00,1.00
2017.01.03 01:02:18.406,1.77139,1.77196,1.00,1.00
2017.01.03 01:02:18.457,1.77139,1.77194,1.00,1.00
2017.01.03 01:02:19.265,1.77139,1.77193,1.00,1.00
2017.01.03 01:02:20.714,1.77149,1.77199,1.00,1.00
2017.01.03 01:02:20.764,1.77149,1.77204,1.00,1.00
2017.01.03 01:02:20.865,1.77149,1.77211,1.50,1.50
2017.01.03 01:02:20.966,1.77152,1.77213,1.00,1.00
2017.01.03 01:02:21.273,1.7715,1.77211,1.00,1.00
2017.01.03 01:02:21.594,1.77158,1.77214,1.00,1.00
2017.01.03 01:02:21.645,1.7716,1.77218,1.00,1.12
2017.01.03 01:02:24.095,1.77166,1.77223,1.00,1.00
2017.01.03 01:02:24.230,1.7717,1.77229,1.00,1.00
2017.01.03 01:02:24.678,1.77177,1.77234,1.00,1.00
2017.01.03 01:02:24.829,1.77179,1.77246,1.00,1.00
2017.01.03 01:02:25.978,1.77179,1.77247,1.00,1.00
2017.01.03 01:02:26.393,1.77179,1.77243,1.00,1.00
2017.01.03 01:02:26.444,1.77179,1.77245,1.00,1.00
2017.01.03 01:02:26.595,1.77179,1.77243,1.00,1.00
2017.01.03 01:02:26.765,1.77179,1.77247,1.50,1.00
2017.01.03 01:02:26.815,1.77182,1.77249,1.00,1.00
2017.01.03 01:02:27.117,1.77188,1.77251,1.12,1.00
2017.01.03 01:02:27.932,1.77202,1.77261,1.00,1.50
2017.01.03 01:02:28.212,1.77187,1.77247,1.12,1.00
2017.01.03 01:02:28.364,1.77187,1.77238,1.12,1.00
2017.01.03 01:02:28.465,1.77177,1.77239,1.00,1.00
2017.01.03 01:02:28.566,1.77177,1.77237,1.00,1.00
2017.01.03 01:02:28.616,1.77177,1.77242,1.00,1.00
2017.01.03 01:02:28.717,1.77177,1.77233,1.00,1.00
2017.01.03 01:02:28.869,1.77164,1.77231,1.00,1.00
2017.01.03 01:02:28.919,1.77167,1.77233,1.00,1.00
2017.01.03 01:02:28.970,1.77173,1.77242,1.00,1.50
2017.01.03 01:02:29.020,1.77176,1.77242,1.00,1.00
2017.01.03 01:02:29.071,1.77177,1.77244,1.87,1.00
2017.01.03 01:02:29.899,1.77185,1.77251,1.00,1.00
2017.01.03 01:02:30.207,1.77187,1.77252,1.12,1.00
2017.01.03 01:02:30.379,1.77187,1.77255,1.12,1.00
2017.01.03 01:02:30.480,1.77189,1.77256,1.00,1.00
2017.01.03 01:02:30.643,1.77189,1.77258,1.00,1.12
2017.01.03 01:02:31.165,1.77188,1.77257,1.00,1.00
2017.01.03 01:02:33.348,1.7719,1.77257,1.00,1.00
2017.01.03 01:02:33.449,1.77188,1.77256,1.00,1.00
2017.01.03 01:02:35.853,1.77188,1.77255,1.00,1.00
2017.01.03 01:02:36.081,1.77189,1.77257,1.00,1.00
2017.01.03 01:02:36.629,1.77188,1.77256,1.00,1.00
2017.01.03 01:02:37.340,1.77189,1.77256,1.00,1.00
2017.01.03 01:02:37.907,1.77188,1.77257,1.00,1.00
2017.01.03 01:02:37.958,1.7719,1.77257,1.00,1.00
2017.01.03 01:02:38.260,1.77177,1.77233,1.75,1.00
2017.01.03 01:02:38.361,1.7717,1.77234,1.75,1.00
2017.01.03 01:02:38.461,1.7717,1.77234,1.00,1.00
2017.01.03 01:02:39.061,1.77176,1.77243,1.00,1.00
2017.01.03 01:02:39.112,1.7718,1.77243,1.00,1.00
2017.01.03 01:02:39.162,1.7718,1.77246,1.00,1.12
2017.01.03 01:02:39.364,1.7718,1.77248,1.00,1.00
2017.01.03 01:02:39.415,1.77179,1.77243,1.12,1.00
2017.01.03 01:02:39.712,1.77182,1.77248,1.00,1.00
2017.01.03 01:02:39.813,1.77192,1.77253,1.00,1.50
2017.01.03 01:02:39.914,1.77188,1.77251,1.00,1.00
2017.01.03 01:02:40.066,1.77182,1.77248,2.62,1.00
2017.01.03 01:02:40.117,1.77182,1.77248,2.25,1.00
2017.01.03 01:02:40.217,1.77182,1.77248,1.87,1.00
2017.01.03 01:02:40.401,1.77192,1.77253,1.12,1.00
2017.01.03 01:02:40.703,1.77199,1.77264,1.00,1.12
2017.01.03 01:02:40.754,1.77199,1.7726,1.00,1.00
2017.01.03 01:02:41.095,1.77196,1.77259,1.12,1.37
2017.01.03 01:02:41.247,1.77202,1.7726,1.00,1.00
2017.01.03 01:02:41.348,1.77206,1.7727,1.00,1.37
2017.01.03 01:02:41.867,1.77206,1.77255,1.00,1.00
2017.01.03 01:02:42.092,1.77191,1.77246,1.00,1.75
2017.01.03 01:02:42.185,1.77181,1.77243,1.00,1.00
2017.01.03 01:02:42.650,1.77193,1.77243,1.00,1.00
2017.01.03 01:02:42.852,1.77197,1.7726,1.00,1.00
2017.01.03 01:02:43.370,1.77197,1.77258,1.00,1.12
2017.01.03 01:02:43.921,1.77197,1.77257,1.00,1.00
2017.01.03 01:02:44.404,1.772,1.77257,1.00,1.00
2017.01.03 01:02:44.477,1.772,1.77263,1.00,1.00
2017.01.03 01:02:45.007,1.77201,1.77263,1.00,1.00
2017.01.03 01:02:45.551,1.77197,1.77263,1.50,1.00
2017.01.03 01:02:45.602,1.77197,1.77249,1.00,1.00
2017.01.03 01:02:45.904,1.77159,1.77206,1.00,1.00
2017.01.03 01:02:46.107,1.77124,1.77173,1.00,1.00
2017.01.03 01:02:46.208,1.77099,1.77163,1.37,1.12
2017.01.03 01:02:46.258,1.77092,1.77148,1.87,1.00
2017.01.03 01:02:46.309,1.77092,1.77148,1.37,1.00
2017.01.03 01:02:46.425,1.77085,1.7714,1.00,1.37
2017.01.03 01:02:46.476,1.77066,1.77129,1.37,1.00
2017.01.03 01:02:46.527,1.7706,1.77119,1.37,1.00
2017.01.03 01:02:46.678,1.77042,1.77105,1.87,1.00
2017.01.03 01:02:46.729,1.77052,1.77116,1.00,1.87
2017.01.03 01:02:46.931,1.77071,1.77137,1.00,1.37
2017.01.03 01:02:47.040,1.77072,1.77139,1.00,1.00
2017.01.03 01:02:47.096,1.77074,1.77141,1.00,1.00
2017.01.03 01:02:47.484,1.77075,1.77139,1.00,1.00
2017.01.03 01:02:47.850,1.77078,1.7714,1.00,1.00
2017.01.03 01:02:48.273,1.77079,1.77135,1.00,1.00
2017.01.03 01:02:49.405,1.77078,1.77137,1.00,1.00
2017.01.03 01:02:51.423,1.77078,1.77135,1.00,1.00
2017.01.03 01:02:55.415,1.77079,1.77136,1.00,1.00
2017.01.03 01:02:57.655,1.7708,1.77137,1.00,1.00
2017.01.03 01:02:57.772,1.77078,1.77138,1.00,1.00
2017.01.03 01:02:57.822,1.77074,1.77131,1.00,1.00
2017.01.03 01:02:57.873,1.77066,1.77126,1.00,1.00
2017.01.03 01:02:58.024,1.77066,1.77124,1.00,1.00
2017.01.03 01:02:58.366,1.7707,1.77127,1.00,1.00
2017.01.03 01:02:59.896,1.77068,1.77128,1.00,1.00
2017.01.03 01:03:00.013,1.7707,1.77127,1.00,1.00
2017.01.03 01:03:00.377,1.77068,1.77128,1.00,1.00
2017.01.03 01:03:00.459,1.77074,1.77132,1.00,1.00
2017.01.03 01:03:00.510,1.77074,1.77134,1.00,1.50
2017.01.03 01:03:00.561,1.77077,1.77134,1.00,1.00
2017.01.03 01:03:00.611,1.77076,1.77136,1.00,1.12
2017.01.03 01:03:00.662,1.77078,1.77136,1.00,1.12
2017.01.03 01:03:01.193,1.77073,1.7713,1.00,1.00
2017.01.03 01:03:01.445,1.77074,1.77134,1.00,1.00
2017.01.03 01:03:01.618,1.77076,1.77135,1.00,1.00
2017.01.03 01:03:01.669,1.77074,1.77134,1.00,1.00
2017.01.03 01:03:01.719,1.77076,1.77136,1.00,1.00
2017.01.03 01:03:02.066,1.77065,1.77125,1.00,1.00
2017.01.03 01:03:02.370,1.77071,1.77129,1.00,1.00
2017.01.03 01:03:02.471,1.77077,1.77137,1.00,1.37
2017.01.03 01:03:02.688,1.77079,1.77137,1.00,1.00
2017.01.03 01:03:02.789,1.77077,1.77137,1.00,1.00
2017.01.03 01:03:02.890,1.77078,1.77135,1.00,1.00
2017.01.03 01:03:02.941,1.77076,1.77134,1.00,1.00
2017.01.03 01:03:03.152,1.77078,1.77136,1.00,1.00
2017.01.03 01:03:04.090,1.77078,1.77138,1.00,1.00
2017.01.03 01:03:05.988,1.7708,1.7714,1.00,1.00
2017.01.03 01:03:06.290,1.77096,1.77146,1.00,1.00
2017.01.03 01:03:06.341,1.77096,1.77154,1.00,1.75
2017.01.03 01:03:06.447,1.77096,1.77154,1.00,1.37
2017.01.03 01:03:06.558,1.77096,1.77154,1.00,1.00
2017.01.03 01:03:08.136,1.77093,1.77155,1.00,1.00
2017.01.03 01:03:08.204,1.77088,1.77146,1.00,1.00
2017.01.03 01:03:08.254,1.77086,1.77146,1.00,1.00
2017.01.03 01:03:08.305,1.77083,1.77141,1.00,1.00
2017.01.03 01:03:08.356,1.77081,1.77141,1.00,1.00
2017.01.03 01:03:08.407,1.77079,1.77139,1.00,1.00
2017.01.03 01:03:09.144,1.77081,1.77139,1.00,1.00
2017.01.03 01:03:09.236,1.77081,1.77141,1.00,1.00
2017.01.03 01:03:10.963,1.77083,1.77142,1.00,1.00
2017.01.03 01:03:11.273,1.77085,1.77142,1.00,1.00
2017.01.03 01:03:11.587,1.77097,1.77151,1.00,1.00
2017.01.03 01:03:11.638,1.77089,1.77147,1.00,1.00
2017.01.03 01:03:11.689,1.77085,1.77145,1.00,1.00
2017.01.03 01:03:11.790,1.77087,1.77147,1.00,1.00
2017.01.03 01:03:11.992,1.77073,1.77134,1.00,1.00
2017.01.03 01:03:12.042,1.77077,1.77132,1.00,1.00
2017.01.03 01:03:12.391,1.77082,1.7714,1.00,1.00
2017.01.03 01:03:12.542,1.7708,1.7714,1.00,1.50
2017.01.03 01:03:12.649,1.77078,1.77139,1.00,1.00
2017.01.03 01:03:14.957,1.77079,1.77137,1.00,1.00
2017.01.03 01:03:16.102,1.7708,1.7714,1.00,1.00
2017.01.03 01:03:16.153,1.77082,1.7714,1.00,1.00
2017.01.03 01:03:16.283,1.7708,1.77139,1.00,1.00
2017.01.03 01:03:16.333,1.77079,1.77137,1.00,1.00
2017.01.03 01:03:16.384,1.77069,1.7713,1.00,1.00
2017.01.03 01:03:16.435,1.77067,1.77129,1.00,1.87
2017.01.03 01:03:16.737,1.77057,1.77117,1.00,1.00
2017.01.03 01:03:17.039,1.77065,1.77126,1.00,1.75
2017.01.03 01:03:17.154,1.77065,1.77126,1.00,1.00
2017.01.03 01:03:17.315,1.77063,1.77122,1.00,1.00
2017.01.03 01:03:17.366,1.7706,1.77121,1.00,1.00
2017.01.03 01:03:17.416,1.7706,1.77119,1.00,1.00
2017.01.03 01:03:18.004,1.77061,1.7712,1.00,1.00
2017.01.03 01:03:18.512,1.77058,1.77119,1.00,1.12
2017.01.03 01:03:18.562,1.77057,1.77117,1.00,1.00
2017.01.03 01:03:19.270,1.77057,1.77116,1.00,1.00
2017.01.03 01:03:19.442,1.77057,1.77118,1.00,1.00
2017.01.03 01:03:21.521,1.77058,1.77119,1.00,1.00
2017.01.03 01:03:21.930,1.77058,1.77117,1.00,1.00
2017.01.03 01:03:22.576,1.77058,1.77117,1.00,1.37
2017.01.03 01:03:22.958,1.77073,1.77132,1.00,1.37
2017.01.03 01:03:23.009,1.77074,1.77134,1.00,1.00
2017.01.03 01:03:23.059,1.77077,1.77134,1.00,1.00
2017.01.03 01:03:23.110,1.77078,1.77137,1.00,1.37
2017.01.03 01:03:23.211,1.77082,1.77141,1.00,1.87
2017.01.03 01:03:23.363,1.7705,1.77109,1.00,1.50
2017.01.03 01:03:23.666,1.77048,1.77109,1.00,1.87
2017.01.03 01:03:23.875,1.77046,1.77108,1.00,1.00
2017.01.03 01:03:23.926,1.77045,1.77106,1.00,1.00
2017.01.03 01:03:24.228,1.77039,1.77098,1.00,1.00
2017.01.03 01:03:24.545,1.77041,1.77099,1.00,1.50
2017.01.03 01:03:24.853,1.77048,1.77099,1.00,1.00
2017.01.03 01:03:25.156,1.7706,1.7712,1.00,1.75
2017.01.03 01:03:25.256,1.7706,1.7712,1.00,1.00
2017.01.03 01:03:25.307,1.77064,1.77123,1.00,1.00
2017.01.03 01:03:25.880,1.77059,1.77118,1.00,1.00
2017.01.03 01:03:25.978,1.77056,1.77117,1.00,1.00
2017.01.03 01:03:26.029,1.77052,1.77113,1.00,1.12
2017.01.03 01:03:26.349,1.77052,1.77109,1.00,1.00
2017.01.03 01:03:26.525,1.7705,1.77109,1.00,1.00
2017.01.03 01:03:29.459,1.77046,1.77105,1.00,1.00
2017.01.03 01:03:29.560,1.7704,1.77101,1.00,1.00
2017.01.03 01:03:29.611,1.7704,1.77098,1.00,1.00
2017.01.03 01:03:31.110,1.77042,1.77098,1.00,1.00
2017.01.03 01:03:31.436,1.77056,1.7711,1.00,1.00
2017.01.03 01:03:34.407,1.77057,1.7711,1.00,1.00
2017.01.03 01:03:34.610,1.77058,1.77119,1.00,1.00
2017.01.03 01:03:38.706,1.77061,1.77121,1.00,1.12
2017.01.03 01:03:38.757,1.77059,1.77121,1.00,1.87
2017.01.03 01:03:38.858,1.77058,1.77119,1.00,1.00
2017.01.03 01:03:39.311,1.77054,1.77113,1.00,1.00
2017.01.03 01:03:39.632,1.7706,1.77113,1.00,1.00
2017.01.03 01:03:39.750,1.7706,1.7712,1.00,1.37
2017.01.03 01:03:40.512,1.77056,1.77117,1.00,1.00
2017.01.03 01:03:40.562,1.7705,1.77109,1.00,1.00
2017.01.03 01:03:40.613,1.77046,1.77108,1.00,1.00
2017.01.03 01:03:40.722,1.77046,1.77104,1.00,1.00
2017.01.03 01:03:40.773,1.7703,1.77091,1.00,1.00
2017.01.03 01:03:40.823,1.77027,1.77089,1.00,1.37
2017.01.03 01:03:44.418,1.77026,1.77088,1.00,1.00
2017.01.03 01:03:44.887,1.77028,1.77087,1.00,1.00
2017.01.03 01:03:45.034,1.77028,1.77089,1.00,1.00
2017.01.03 01:03:45.084,1.77033,1.77089,1.00,1.00
2017.01.03 01:03:45.397,1.77034,1.77093,1.00,1.00
2017.01.03 01:03:46.573,1.77034,1.77094,1.00,1.00
2017.01.03 01:03:46.624,1.77032,1.77092,1.00,1.00
2017.01.03 01:03:48.033,1.77031,1.77092,1.00,1.00
2017.01.03 01:03:48.335,1.77017,1.77078,1.00,1.00
2017.01.03 01:03:48.655,1.77015,1.77076,1.00,1.00
2017.01.03 01:03:48.957,1.77017,1.77076,1.00,1.00
2017.01.03 01:03:49.769,1.77018,1.77077,1.00,1.00
2017.01.03 01:03:52.628,1.77016,1.77078,1.00,1.00
2017.01.03 01:03:52.728,1.77019,1.7708,1.00,1.00
2017.01.03 01:03:53.128,1.77018,1.77078,1.00,1.00
2017.01.03 01:03:53.210,1.77016,1.77077,1.00,1.00
2017.01.03 01:03:53.260,1.77018,1.77077,1.00,1.00
2017.01.03 01:03:53.311,1.7702,1.7708,1.00,1.00
2017.01.03 01:03:53.361,1.77023,1.77082,1.00,1.00
2017.01.03 01:03:53.462,1.77026,1.77087,1.00,1.37
2017.01.03 01:03:54.075,1.77027,1.77087,1.00,1.37
2017.01.03 01:03:54.196,1.77026,1.77085,1.00,1.37
2017.01.03 01:03:54.247,1.77015,1.77074,1.00,1.00
2017.01.03 01:03:54.395,1.77013,1.77072,1.00,1.00
2017.01.03 01:03:54.742,1.77014,1.77074,1.00,1.00
2017.01.03 01:03:55.273,1.77012,1.77073,1.00,1.00
2017.01.03 01:03:56.053,1.77014,1.77073,1.00,1.00
2017.01.03 01:03:56.472,1.77012,1.77071,1.00,1.00
2017.01.03 01:03:56.645,1.76999,1.77061,1.00,1.50
2017.01.03 01:03:56.739,1.76999,1.77058,1.00,1.00
2017.01.03 01:03:56.789,1.77,1.77061,1.00,1.50
2017.01.03 01:03:56.840,1.77003,1.77061,1.00,1.00
2017.01.03 01:03:57.389,1.77004,1.77061,1.00,1.00
2017.01.03 01:03:57.827,1.77006,1.77061,1.00,1.00
2017.01.03 01:03:58.038,1.77004,1.77061,1.00,1.00
2017.01.03 01:03:58.141,1.77002,1.77061,1.00,1.00
2017.01.03 01:03:58.259,1.76997,1.77058,1.00,1.00
2017.01.03 01:03:58.310,1.76991,1.77053,1.00,1.00
2017.01.03 01:03:58.360,1.76987,1.77049,1.00,1.00
2017.01.03 01:03:58.695,1.7699,1.77046,1.00,1.00
2017.01.03 01:03:59.036,1.76993,1.77046,1.00,1.00
2017.01.03 01:03:59.187,1.76995,1.77055,1.00,1.37
2017.01.03 01:03:59.288,1.76993,1.77055,1.00,1.87
2017.01.03 01:04:01.270,1.76996,1.77055,1.00,1.87
2017.01.03 01:04:01.613,1.76998,1.77055,1.00,1.00
2017.01.03 01:04:01.776,1.77,1.77059,1.00,1.37
2017.01.03 01:04:01.873,1.76994,1.77056,1.00,1.00
2017.01.03 01:04:02.102,1.76997,1.77057,1.00,1.00
2017.01.03 01:04:02.416,1.77001,1.77061,1.00,1.00
2017.01.03 01:04:02.719,1.77014,1.77074,1.00,1.00
2017.01.03 01:04:03.461,1.7701,1.77072,1.00,1.00
2017.01.03 01:04:03.512,1.77009,1.7707,1.00,1.00
2017.01.03 01:04:03.817,1.76993,1.77053,1.00,1.00
2017.01.03 01:04:04.360,1.76991,1.77051,1.00,1.00
2017.01.03 01:04:04.411,1.76988,1.7705,1.00,1.00
2017.01.03 01:04:04.860,1.76991,1.77051,1.00,1.00
2017.01.03 01:04:05.209,1.76988,1.7705,1.00,1.00
2017.01.03 01:04:05.537,1.7699,1.77052,1.00,1.50
2017.01.03 01:04:05.863,1.76987,1.77049,1.00,1.00
2017.01.03 01:04:06.166,1.7699,1.77052,1.00,1.00
2017.01.03 01:04:08.839,1.76989,1.77052,1.00,1.00
2017.01.03 01:04:09.271,1.76988,1.77049,1.00,1.00
2017.01.03 01:04:10.459,1.76985,1.77047,1.00,1.00
2017.01.03 01:04:10.862,1.76992,1.77052,1.00,1.00
2017.01.03 01:04:10.913,1.76992,1.77054,1.00,1.00
2017.01.03 01:04:11.380,1.76995,1.77055,1.00,1.00
2017.01.03 01:04:11.481,1.76991,1.77053,1.00,1.00
2017.01.03 01:04:11.586,1.76993,1.77054,1.00,1.00
2017.01.03 01:04:11.637,1.76991,1.77053,1.00,1.00
2017.01.03 01:04:11.687,1.7699,1.77051,1.00,1.00
2017.01.03 01:04:11.738,1.76992,1.77054,1.00,1.00
2017.01.03 01:04:11.793,1.76994,1.77055,1.00,1.00
2017.01.03 01:04:12.106,1.76997,1.77058,1.00,1.00
2017.01.03 01:04:12.157,1.76994,1.77057,1.00,1.00
2017.01.03 01:04:12.256,1.76994,1.77055,1.00,1.00
2017.01.03 01:04:12.644,1.76992,1.77055,1.00,1.00
2017.01.03 01:04:12.694,1.76988,1.77048,1.00,1.00
2017.01.03 01:04:12.795,1.76981,1.77044,1.00,1.00
2017.01.03 01:04:12.846,1.76983,1.77045,1.00,1.00
2017.01.03 01:04:13.148,1.76969,1.77029,1.00,1.00
2017.01.03 01:04:13.219,1.76973,1.77035,1.00,1.00
2017.01.03 01:04:13.270,1.76976,1.77035,1.00,1.00
2017.01.03 01:04:13.320,1.76973,1.77035,1.00,1.00
2017.01.03 01:04:13.830,1.76973,1.77033,1.00,1.00
2017.01.03 01:04:13.880,1.76971,1.77034,1.00,1.00
2017.01.03 01:04:13.931,1.76972,1.77032,1.00,1.00
2017.01.03 01:04:14.256,1.76984,1.77047,1.00,1.00
2017.01.03 01:04:14.306,1.76977,1.7704,1.00,1.00
2017.01.03 01:04:14.691,1.76976,1.77038,1.00,1.00
2017.01.03 01:04:15.024,1.76979,1.77041,1.00,1.00
2017.01.03 01:04:15.676,1.76979,1.77042,1.00,1.50
2017.01.03 01:04:16.686,1.76979,1.7704,1.00,1.00
2017.01.03 01:04:17.354,1.76978,1.7704,1.00,1.00
2017.01.03 01:04:17.741,1.76978,1.77038,1.00,1.00
2017.01.03 01:04:22.372,1.76978,1.77039,1.00,1.00
2017.01.03 01:04:22.423,1.7698,1.77043,1.00,1.12
2017.01.03 01:04:22.601,1.76979,1.77041,1.00,1.00
2017.01.03 01:04:22.864,1.76977,1.77041,1.00,1.00
2017.01.03 01:04:22.915,1.76978,1.77039,1.00,1.00
2017.01.03 01:04:23.016,1.76971,1.77034,1.00,1.00
2017.01.03 01:04:23.066,1.76971,1.77032,1.00,1.00
2017.01.03 01:04:23.117,1.76968,1.77031,1.00,1.00
2017.01.03 01:04:23.199,1.76971,1.77032,1.00,1.00
2017.01.03 01:04:23.501,1.76982,1.77042,1.00,1.00
2017.01.03 01:04:23.889,1.76984,1.77042,1.00,1.00
2017.01.03 01:04:24.193,1.76985,1.77048,1.00,1.37
2017.01.03 01:04:24.244,1.76985,1.77048,1.00,1.12
2017.01.03 01:04:24.395,1.76985,1.77046,1.00,1.00
2017.01.03 01:04:25.690,1.76981,1.77045,1.00,1.00
2017.01.03 01:04:25.741,1.76979,1.7704,1.00,1.00
2017.01.03 01:04:26.423,1.76978,1.77039,1.00,1.00
2017.01.03 01:04:27.566,1.76983,1.77042,1.00,1.12
2017.01.03 01:04:27.868,1.76994,1.77049,1.00,1.37
2017.01.03 01:04:27.918,1.76994,1.77049,1.00,1.00
2017.01.03 01:04:28.210,1.76991,1.77049,1.00,1.12
2017.01.03 01:04:30.649,1.76993,1.77049,1.00,1.00
2017.01.03 01:04:31.287,1.76992,1.77049,1.00,1.00
2017.01.03 01:04:31.741,1.76995,1.77049,1.00,1.00
2017.01.03 01:04:32.440,1.76994,1.77049,1.00,1.00
2017.01.03 01:04:38.627,1.76995,1.77049,1.00,1.00
2017.01.03 01:04:38.980,1.76993,1.77049,1.00,1.00
2017.01.03 01:04:39.081,1.76989,1.77049,1.00,1.12
2017.01.03 01:04:39.232,1.76987,1.77048,1.00,1.00
2017.01.03 01:04:39.333,1.76983,1.77047,1.00,1.00
2017.01.03 01:04:41.985,1.76984,1.77045,1.00,1.00
2017.01.03 01:04:44.731,1.76982,1.77045,1.00,1.00
2017.01.03 01:04:45.118,1.76982,1.77043,1.00,1.00
2017.01.03 01:04:45.342,1.7698,1.77044,1.00,1.00
2017.01.03 01:04:45.898,1.7698,1.77043,1.00,1.00
2017.01.03 01:04:46.140,1.76982,1.77043,1.00,1.00
2017.01.03 01:04:46.734,1.76984,1.77043,1.00,1.00
2017.01.03 01:04:47.891,1.76985,1.77043,1.00,1.00
2017.01.03 01:04:48.093,1.76993,1.77052,1.00,1.00
2017.01.03 01:04:48.638,1.76989,1.77052,1.00,1.00
2017.01.03 01:04:48.688,1.76992,1.77052,1.00,1.00
2017.01.03 01:04:48.840,1.76995,1.77058,1.00,1.00
2017.01.03 01:04:49.403,1.76994,1.77057,1.00,1.00
2017.01.03 01:04:49.815,1.76993,1.77055,1.00,1.00
2017.01.03 01:04:50.425,1.7699,1.77054,1.00,1.00
2017.01.03 01:04:51.260,1.76989,1.77052,1.00,1.00
2017.01.03 01:04:51.611,1.76992,1.77052,1.00,1.00
2017.01.03 01:04:52.316,1.76998,1.77052,1.00,1.00
2017.01.03 01:04:52.367,1.76998,1.77061,1.00,1.00
2017.01.03 01:04:52.418,1.77001,1.77062,1.00,1.00
2017.01.03 01:05:00.300,1.76999,1.77062,1.00,1.00
2017.01.03 01:05:00.582,1.76998,1.77059,1.00,1.00
2017.01.03 01:05:00.633,1.76995,1.77058,1.00,1.00
2017.01.03 01:05:00.684,1.76997,1.77061,1.00,1.00
2017.01.03 01:05:00.734,1.76999,1.7706,1.00,1.00
2017.01.03 01:05:00.923,1.76999,1.77062,1.00,1.00
2017.01.03 01:05:01.072,1.76999,1.7706,1.00,1.00
2017.01.03 01:05:02.248,1.76994,1.77055,1.00,1.00
2017.01.03 01:05:02.464,1.76989,1.77052,1.00,1.00
2017.01.03 01:05:02.515,1.76987,1.77048,1.00,1.00
2017.01.03 01:05:02.565,1.76985,1.77048,1.00,1.00
2017.01.03 01:05:03.674,1.76989,1.77052,1.00,1.00
2017.01.03 01:05:03.985,1.76992,1.77053,1.00,1.00
2017.01.03 01:05:06.044,1.76993,1.77054,1.00,1.00
2017.01.03 01:05:06.561,1.76993,1.77055,1.00,1.12
2017.01.03 01:05:07.964,1.76991,1.77055,1.00,1.87
2017.01.03 01:05:08.830,1.7699,1.77051,1.00,1.00
2017.01.03 01:05:09.376,1.76989,1.7705,1.00,1.00
2017.01.03 01:05:10.463,1.76988,1.7705,1.00,1.00
2017.01.03 01:05:11.138,1.7699,1.77053,1.00,1.00
2017.01.03 01:05:11.189,1.76995,1.77055,1.00,1.12
2017.01.03 01:05:11.240,1.76993,1.77057,1.00,1.50
2017.01.03 01:05:12.247,1.76998,1.77059,1.00,1.37
2017.01.03 01:05:12.298,1.76993,1.77057,1.00,1.00
2017.01.03 01:05:12.381,1.76996,1.77059,1.00,1.00
2017.01.03 01:05:13.718,1.76994,1.77059,1.00,1.00
2017.01.03 01:05:13.768,1.76994,1.77057,1.00,1.00
2017.01.03 01:05:14.126,1.76993,1.77055,1.00,1.00
2017.01.03 01:05:15.302,1.76993,1.77056,1.00,1.00
2017.01.03 01:05:15.965,1.76995,1.77057,1.00,1.00
2017.01.03 01:05:16.309,1.76994,1.77055,1.00,1.00
2017.01.03 01:05:16.360,1.76992,1.77054,1.00,1.00
2017.01.03 01:05:16.461,1.76991,1.77052,1.00,1.00
2017.01.03 01:05:16.512,1.76987,1.7705,1.00,1.00
2017.01.03 01:05:17.003,1.76983,1.77044,1.00,1.00
2017.01.03 01:05:17.204,1.76979,1.77043,1.00,1.00
2017.01.03 01:05:17.774,1.76979,1.77042,1.00,1.00
2017.01.03 01:05:19.324,1.76977,1.77039,1.00,1.00
2017.01.03 01:05:20.400,1.76977,1.77038,1.00,1.00
2017.01.03 01:05:20.468,1.76976,1.7704,1.00,1.00
2017.01.03 01:05:21.304,1.76977,1.77041,1.00,1.00
2017.01.03 01:05:22.728,1.76978,1.77041,1.00,1.00
2017.01.03 01:05:22.878,1.76978,1.77041,1.00,1.37
2017.01.03 01:05:22.928,1.76976,1.7704,1.00,1.37
2017.01.03 01:05:23.085,1.76974,1.77037,1.00,1.00
2017.01.03 01:05:23.347,1.76982,1.77044,1.00,1.00
2017.01.03 01:05:23.968,1.7698,1.77044,1.00,1.00
2017.01.03 01:05:30.475,1.76981,1.77042,1.00,1.00
2017.01.03 01:05:30.889,1.7698,1.77044,1.00,1.00
2017.01.03 01:05:30.939,1.76982,1.77044,1.00,1.00
2017.01.03 01:05:32.082,1.76982,1.77046,1.00,1.00
2017.01.03 01:05:33.059,1.76982,1.77044,1.00,1.00
2017.01.03 01:05:33.983,1.7698,1.77042,1.00,1.00
2017.01.03 01:05:35.175,1.76981,1.77043,1.00,1.00
2017.01.03 01:05:36.034,1.76982,1.77044,1.00,1.00
2017.01.03 01:05:39.234,1.76982,1.77043,1.00,1.00
2017.01.03 01:05:44.279,1.76985,1.77048,1.00,1.00
2017.01.03 01:05:44.406,1.76987,1.77048,1.00,1.00
2017.01.03 01:05:44.557,1.76986,1.7705,1.00,1.00
2017.01.03 01:05:44.608,1.76989,1.7705,1.00,1.00
2017.01.03 01:05:46.217,1.76988,1.77049,1.00,1.00
2017.01.03 01:05:46.318,1.76985,1.77049,1.00,1.00
2017.01.03 01:05:48.130,1.76988,1.77051,1.00,1.00
2017.01.03 01:05:48.463,1.77004,1.77066,1.00,1.00
2017.01.03 01:05:48.896,1.77005,1.77068,1.00,1.12
2017.01.03 01:05:49.715,1.77006,1.77069,1.00,1.00
2017.01.03 01:05:51.518,1.77005,1.77069,1.00,1.00
2017.01.03 01:05:52.333,1.77005,1.77068,1.00,1.00
2017.01.03 01:05:53.321,1.77006,1.77068,1.00,1.00
2017.01.03 01:05:53.847,1.77006,1.77069,1.00,1.00
2017.01.03 01:05:54.010,1.77008,1.77069,1.00,1.00
2017.01.03 01:05:54.650,1.77009,1.7707,1.00,1.00
2017.01.03 01:05:54.925,1.77007,1.7707,1.00,1.00
2017.01.03 01:05:55.103,1.77009,1.7707,1.00,1.00
2017.01.03 01:05:55.344,1.77007,1.7707,1.00,1.00
2017.01.03 01:05:56.340,1.77009,1.7707,1.00,1.00
2017.01.03 01:05:56.934,1.7701,1.77071,1.00,1.00
2017.01.03 01:05:59.952,1.77008,1.77069,1.00,1.00
2017.01.03 01:06:01.088,1.7701,1.77073,1.00,1.12
2017.01.03 01:06:04.271,1.7701,1.77072,1.00,1.00
2017.01.03 01:06:04.371,1.77009,1.7707,1.00,1.00
2017.01.03 01:06:06.581,1.77008,1.77071,1.00,1.00
2017.01.03 01:06:06.833,1.76999,1.77063,1.00,1.00
2017.01.03 01:06:07.703,1.77001,1.77062,1.00,1.00
2017.01.03 01:06:08.061,1.77003,1.77064,1.00,1.00
2017.01.03 01:06:08.494,1.77001,1.77064,1.00,1.00
2017.01.03 01:06:08.646,1.77003,1.77064,1.00,1.00
2017.01.03 01:06:09.738,1.77003,1.77065,1.00,1.00
2017.01.03 01:06:09.839,1.77001,1.77064,1.00,1.00
2017.01.03 01:06:15.053,1.77,1.77063,1.00,1.00
2017.01.03 01:06:19.062,1.77,1.77062,1.00,1.00
2017.01.03 01:06:19.379,1.76994,1.77057,1.00,1.00
2017.01.03 01:06:19.877,1.77,1.77061,1.00,1.00
2017.01.03 01:06:20.028,1.77001,1.77064,1.00,1.00
2017.01.03 01:06:20.753,1.77002,1.77065,1.00,1.00
2017.01.03 01:06:34.945,1.77002,1.77065,1.00,1.37
2017.01.03 01:06:35.045,1.76999,1.7706,1.00,1.00
2017.01.03 01:06:35.197,1.76995,1.77058,1.00,1.00
2017.01.03 01:06:35.453,1.76993,1.77054,1.00,1.00
2017.01.03 01:06:35.912,1.76991,1.77052,1.00,1.00
2017.01.03 01:06:36.112,1.76991,1.77054,1.00,1.00
2017.01.03 01:06:36.163,1.76989,1.77052,1.00,1.00
2017.01.03 01:06:44.326,1.76991,1.77052,1.00,1.00
2017.01.03 01:06:44.912,1.76992,1.77053,1.00,1.00
2017.01.03 01:06:45.452,1.7699,1.77051,1.00,1.00
2017.01.03 01:06:45.902,1.7699,1.77053,1.00,1.00
2017.01.03 01:06:50.195,1.76992,1.77053,1.00,1.00
2017.01.03 01:06:50.514,1.76997,1.77058,1.00,1.00
2017.01.03 01:06:51.342,1.76998,1.77059,1.00,1.00
2017.01.03 01:06:51.450,1.76998,1.77061,1.00,1.00
2017.01.03 01:06:51.854,1.77,1.77062,1.00,1.00
2017.01.03 01:06:52.005,1.77002,1.77065,1.00,1.00
2017.01.03 01:06:52.776,1.76983,1.77074,1.37,3.00
2017.01.03 01:06:52.827,1.77003,1.77066,1.00,1.00
2017.01.03 01:06:59.724,1.77004,1.77067,1.00,1.00
2017.01.03 01:07:00.026,1.77012,1.77073,1.00,1.00
2017.01.03 01:07:00.678,1.77013,1.77074,1.00,1.00
2017.01.03 01:07:01.362,1.77009,1.77072,1.00,1.00
2017.01.03 01:07:01.413,1.77009,1.7707,1.00,1.00
2017.01.03 01:07:01.769,1.77012,1.77073,1.00,1.00
2017.01.03 01:07:02.440,1.77012,1.77074,1.00,1.00
2017.01.03 01:07:04.305,1.77011,1.77074,1.00,1.00
2017.01.03 01:07:04.789,1.77014,1.77075,1.00,1.00
2017.01.03 01:07:05.530,1.77012,1.77076,1.00,1.00
2017.01.03 01:07:05.580,1.77012,1.77074,1.00,1.00
2017.01.03 01:07:06.081,1.77012,1.77073,1.00,1.00
2017.01.03 01:07:06.225,1.77007,1.7707,1.00,1.00
2017.01.03 01:07:06.876,1.77006,1.77069,1.00,1.00
2017.01.03 01:07:08.413,1.77006,1.77068,1.00,1.00
2017.01.03 01:07:15.929,1.77001,1.77062,1.00,1.00
2017.01.03 01:07:16.038,1.76996,1.77059,1.00,1.00
2017.01.03 01:07:16.139,1.76997,1.77057,1.00,1.00
2017.01.03 01:07:16.760,1.76996,1.77057,1.00,1.00
2017.01.03 01:07:19.030,1.76994,1.77055,1.00,1.00
2017.01.03 01:07:19.080,1.76994,1.77057,1.00,1.00
2017.01.03 01:07:19.181,1.76996,1.77059,1.00,1.00
2017.01.03 01:07:20.155,1.76998,1.77059,1.00,1.00
2017.01.03 01:07:22.673,1.76998,1.77061,1.00,1.00
2017.01.03 01:07:22.724,1.76998,1.77059,1.00,1.00
2017.01.03 01:07:27.235,1.77005,1.77068,1.00,1.00
2017.01.03 01:07:27.356,1.77007,1.77067,1.00,1.00
2017.01.03 01:07:27.507,1.7701,1.77071,1.00,1.00
2017.01.03 01:07:27.558,1.7701,1.77073,1.00,1.00
2017.01.03 01:07:27.699,1.77013,1.77074,1.00,1.00
2017.01.03 01:07:27.910,1.7701,1.77073,1.00,1.00
2017.01.03 01:07:28.788,1.77011,1.77071,1.00,1.00
2017.01.03 01:07:28.839,1.7701,1.77073,1.00,1.00
2017.01.03 01:07:29.246,1.77012,1.77073,1.00,1.00
2017.01.03 01:07:29.784,1.77011,1.77072,1.00,1.00
2017.01.03 01:07:29.834,1.77007,1.77069,1.00,1.00
2017.01.03 01:07:29.983,1.77001,1.77062,1.00,1.00
2017.01.03 01:07:30.034,1.76999,1.77062,1.00,1.00
2017.01.03 01:07:31.448,1.77,1.77061,1.00,1.00
2017.01.03 01:07:31.869,1.77,1.77063,1.00,1.00
2017.01.03 01:07:31.933,1.77002,1.77062,1.00,1.00
2017.01.03 01:07:32.106,1.77007,1.77068,1.00,1.00
2017.01.03 01:07:32.157,1.77007,1.7707,1.00,1.00
2017.01.03 01:07:32.208,1.77009,1.7707,1.00,1.00
2017.01.03 01:07:39.456,1.77004,1.77066,1.00,1.00
2017.01.03 01:07:39.507,1.77004,1.77064,1.00,1.00
2017.01.03 01:07:39.557,1.77001,1.77062,1.00,1.00
2017.01.03 01:07:39.658,1.76998,1.7706,1.00,1.00
2017.01.03 01:07:39.807,1.76996,1.77056,1.00,1.00
2017.01.03 01:07:39.983,1.76994,1.77057,1.00,1.00
2017.01.03 01:07:40.107,1.76995,1.77055,1.00,1.00
2017.01.03 01:07:41.001,1.76994,1.77055,1.00,1.00
2017.01.03 01:07:41.659,1.76993,1.77054,1.00,1.00
2017.01.03 01:07:42.054,1.76989,1.77051,1.00,1.00
2017.01.03 01:07:42.208,1.76984,1.77044,1.00,1.00
2017.01.03 01:07:42.259,1.76981,1.77044,1.00,1.00
2017.01.03 01:07:42.310,1.76981,1.77042,1.00,1.00
2017.01.03 01:07:42.988,1.7698,1.77042,1.00,1.00
2017.01.03 01:07:43.788,1.7698,1.77043,1.00,1.00
2017.01.03 01:07:46.794,1.76981,1.77043,1.00,1.00
2017.01.03 01:07:47.222,1.76982,1.77045,1.00,1.00
2017.01.03 01:07:49.113,1.76977,1.77039,1.00,1.00
2017.01.03 01:07:49.164,1.76975,1.77038,1.00,1.00
2017.01.03 01:07:49.374,1.76971,1.77031,1.00,1.00
2017.01.03 01:07:49.616,1.76979,1.77041,1.00,1.00
2017.01.03 01:07:49.716,1.76982,1.77044,1.00,1.00
2017.01.03 01:07:50.064,1.76984,1.77045,1.00,1.00
2017.01.03 01:07:50.176,1.76993,1.77055,1.00,1.00
2017.01.03 01:07:50.226,1.76995,1.77056,1.00,1.00
2017.01.03 01:07:50.327,1.76995,1.77058,1.00,1.00
2017.01.03 01:07:50.378,1.76997,1.77057,1.00,1.00
2017.01.03 01:07:50.770,1.76999,1.77059,1.00,1.00
2017.01.03 01:07:52.659,1.76997,1.7706,1.00,1.00
2017.01.03 01:07:52.709,1.76991,1.77053,1.00,1.00
2017.01.03 01:07:53.011,1.76989,1.7705,1.00,1.00
2017.01.03 01:07:54.663,1.76988,1.77049,1.00,1.00
2017.01.03 01:07:55.025,1.76986,1.77048,1.00,1.00
2017.01.03 01:07:55.076,1.76986,1.77046,1.00,1.00
2017.01.03 01:07:56.141,1.76988,1.7705,1.00,1.00
2017.01.03 01:08:00.373,1.76988,1.77049,1.00,1.00
2017.01.03 01:08:01.690,1.76988,1.7705,1.00,1.00
2017.01.03 01:08:02.672,1.7699,1.77051,1.00,1.00
2017.01.03 01:08:03.532,1.76989,1.77052,1.00,1.00
2017.01.03 01:08:04.643,1.7699,1.77052,1.00,1.00
2017.01.03 01:08:04.795,1.76989,1.77054,1.00,1.00
2017.01.03 01:08:04.846,1.76989,1.77051,1.00,1.00
2017.01.03 01:08:05.241,1.76987,1.77048,1.00,1.00
2017.01.03 01:08:07.383,1.76998,1.77061,1.00,1.00
2017.01.03 01:08:07.433,1.77,1.77061,1.00,1.00
2017.01.03 01:08:07.484,1.77001,1.77064,1.00,1.37
2017.01.03 01:08:07.584,1.77003,1.77064,1.00,1.00
2017.01.03 01:08:09.657,1.77,1.77063,1.00,1.00
2017.01.03 01:08:09.708,1.76982,1.77043,1.00,1.00
2017.01.03 01:08:09.859,1.76972,1.77034,1.00,1.00
2017.01.03 01:08:10.501,1.76972,1.77035,1.00,1.00
2017.01.03 01:08:10.864,1.76976,1.77039,1.00,1.00
2017.01.03 01:08:11.167,1.76978,1.77041,1.00,1.00
2017.01.03 01:08:11.469,1.76989,1.77051,1.00,1.00
2017.01.03 01:08:15.474,1.76989,1.77052,1.00,1.00
2017.01.03 01:08:18.812,1.76992,1.77054,1.00,1.00
2017.01.03 01:08:19.476,1.76991,1.77053,1.00,1.00
2017.01.03 01:08:20.285,1.7699,1.77052,1.00,1.00
2017.01.03 01:08:20.627,1.76995,1.77056,1.00,1.00
2017.01.03 01:08:20.728,1.76993,1.77056,1.00,1.00
2017.01.03 01:08:22.532,1.76993,1.77054,1.00,1.00
2017.01.03 01:08:22.735,1.7699,1.77052,1.00,1.00
2017.01.03 01:08:23.071,1.76989,1.7705,1.00,1.00
2017.01.03 01:08:23.749,1.76989,1.77049,1.00,1.00
2017.01.03 01:08:28.438,1.76985,1.77045,1.00,1.00
2017.01.03 01:08:28.539,1.76981,1.77042,1.00,1.00
2017.01.03 01:08:28.741,1.76984,1.77044,1.00,1.00
2017.01.03 01:08:28.932,1.76979,1.7704,1.00,1.00
2017.01.03 01:08:29.036,1.76981,1.77042,1.00,1.00
2017.01.03 01:08:29.387,1.76983,1.77044,1.00,1.00
2017.01.03 01:08:29.737,1.76979,1.7704,1.00,1.00
2017.01.03 01:08:29.788,1.76979,1.77042,1.00,1.00
2017.01.03 01:08:30.239,1.76982,1.77042,1.00,1.00
2017.01.03 01:08:30.289,1.76982,1.77045,1.00,1.00
2017.01.03 01:08:30.400,1.76985,1.77045,1.00,1.00
2017.01.03 01:08:31.252,1.76985,1.77046,1.00,1.00
2017.01.03 01:08:31.403,1.76988,1.7705,1.00,1.00
2017.01.03 01:08:31.454,1.76989,1.77052,1.00,1.00
2017.01.03 01:08:32.098,1.7699,1.77052,1.00,1.00
2017.01.03 01:08:32.903,1.76988,1.77051,1.00,1.00
2017.01.03 01:08:33.167,1.76986,1.77047,1.00,1.00
2017.01.03 01:08:33.782,1.76985,1.77045,1.00,1.00
2017.01.03 01:08:34.927,1.7698,1.77043,1.00,1.00
2017.01.03 01:08:34.977,1.76981,1.77041,1.00,1.00
2017.01.03 01:08:36.154,1.76978,1.77038,1.00,1.00
2017.01.03 01:08:38.023,1.76978,1.77041,1.00,1.00
2017.01.03 01:08:38.073,1.76982,1.77042,1.00,1.00
2017.01.03 01:08:38.174,1.76979,1.7704,1.00,1.00
2017.01.03 01:08:38.225,1.76977,1.77038,1.00,1.00
2017.01.03 01:08:38.275,1.76982,1.77044,1.00,1.00
2017.01.03 01:08:38.415,1.76965,1.77028,1.00,1.00
2017.01.03 01:08:38.516,1.76965,1.77026,1.00,1.00
2017.01.03 01:08:38.617,1.76968,1.77031,1.00,1.00
2017.01.03 01:08:38.717,1.76971,1.77031,1.00,1.00
2017.01.03 01:08:41.390,1.7697,1.77033,1.00,1.00
2017.01.03 01:08:41.795,1.76973,1.77034,1.00,1.00
2017.01.03 01:08:41.896,1.76971,1.77034,1.00,1.00
2017.01.03 01:08:42.339,1.76971,1.77032,1.00,1.00
2017.01.03 01:08:43.162,1.76971,1.77034,1.00,1.00
2017.01.03 01:08:43.212,1.7697,1.77031,1.00,1.00
2017.01.03 01:08:43.313,1.76967,1.7703,1.00,1.00
2017.01.03 01:08:43.873,1.76967,1.77029,1.00,1.00
2017.01.03 01:08:43.974,1.76968,1.77031,1.00,1.00
2017.01.03 01:08:45.846,1.76969,1.77032,1.00,1.00
2017.01.03 01:08:45.896,1.76971,1.77032,1.00,1.00
2017.01.03 01:08:46.098,1.76973,1.77036,1.00,1.00
2017.01.03 01:08:46.831,1.76974,1.77037,1.00,1.00
2017.01.03 01:08:46.882,1.76974,1.77035,1.00,1.00
2017.01.03 01:08:47.273,1.76972,1.77036,1.00,1.00
2017.01.03 01:08:48.846,1.76973,1.77036,1.00,1.00
2017.01.03 01:08:49.575,1.76974,1.77037,1.00,1.00
2017.01.03 01:08:50.262,1.76975,1.77038,1.00,1.00
2017.01.03 01:08:50.313,1.76977,1.77038,1.00,1.00
2017.01.03 01:08:50.643,1.7698,1.77041,1.00,1.00
2017.01.03 01:08:50.984,1.76977,1.77038,1.00,1.00
2017.01.03 01:08:53.687,1.76979,1.77042,1.00,1.00
2017.01.03 01:08:54.057,1.76979,1.7704,1.00,1.00
2017.01.03 01:08:56.253,1.76978,1.7704,1.00,1.00
2017.01.03 01:08:56.763,1.76978,1.77039,1.00,1.00
2017.01.03 01:09:00.025,1.76976,1.77038,1.00,1.00
2017.01.03 01:09:00.076,1.76972,1.77036,1.00,1.00
2017.01.03 01:09:00.127,1.76975,1.77038,1.00,1.00
2017.01.03 01:09:00.478,1.76979,1.7704,1.00,1.00
2017.01.03 01:09:00.818,1.76981,1.77042,1.00,1.00
2017.01.03 01:09:01.296,1.76979,1.77042,1.00,1.00
2017.01.03 01:09:02.708,1.76978,1.77041,1.00,1.00
2017.01.03 01:09:03.042,1.76978,1.77041,1.00,1.37
2017.01.03 01:09:03.093,1.76973,1.77036,1.00,1.00
2017.01.03 01:09:03.216,1.76971,1.77032,1.00,1.00
2017.01.03 01:09:13.661,1.76971,1.77033,1.00,1.00
2017.01.03 01:09:13.901,1.76969,1.77032,1.00,1.00
2017.01.03 01:09:13.952,1.76978,1.77041,1.00,1.00
2017.01.03 01:09:14.281,1.76978,1.77041,1.00,1.37
2017.01.03 01:09:14.677,1.76978,1.77041,1.00,1.00
2017.01.03 01:09:14.898,1.76978,1.77041,1.00,1.37
2017.01.03 01:09:15.050,1.76976,1.7704,1.00,1.37
2017.01.03 01:09:15.151,1.76978,1.77039,1.00,1.12
2017.01.03 01:09:15.606,1.7698,1.77041,1.00,1.00
2017.01.03 01:09:17.136,1.76979,1.7704,1.00,1.00
2017.01.03 01:09:17.738,1.76979,1.77041,1.00,1.00
2017.01.03 01:09:20.196,1.76979,1.77042,1.00,1.00
2017.01.03 01:09:25.070,1.76978,1.77041,1.00,1.00
2017.01.03 01:09:25.573,1.76978,1.77039,1.00,1.00
2017.01.03 01:09:25.624,1.76974,1.77038,1.00,1.00
2017.01.03 01:09:25.674,1.76975,1.77036,1.00,1.00
2017.01.03 01:09:25.725,1.76973,1.77037,1.00,1.00
2017.01.03 01:09:25.886,1.76976,1.77037,1.00,1.00
2017.01.03 01:09:26.080,1.76974,1.77038,1.00,1.00
2017.01.03 01:09:26.173,1.76976,1.77037,1.00,1.00
2017.01.03 01:09:28.485,1.76977,1.7704,1.00,1.00
2017.01.03 01:09:28.536,1.76982,1.77042,1.00,1.00
2017.01.03 01:09:28.587,1.76986,1.77047,1.00,1.00
2017.01.03 01:09:28.767,1.76982,1.77045,1.00,1.00
2017.01.03 01:09:28.818,1.76984,1.77045,1.00,1.00
2017.01.03 01:09:28.868,1.76982,1.77045,1.00,1.00
2017.01.03 01:09:29.109,1.7698,1.77041,1.00,1.00
2017.01.03 01:09:29.411,1.76977,1.77041,1.00,1.00
2017.01.03 01:09:29.768,1.76976,1.77039,1.00,1.00
2017.01.03 01:09:30.089,1.76975,1.77037,1.00,1.00
2017.01.03 01:09:36.063,1.76975,1.77038,1.00,1.00
2017.01.03 01:09:36.594,1.76976,1.77039,1.00,1.00
2017.01.03 01:09:37.239,1.76975,1.77038,1.00,1.00
2017.01.03 01:09:37.778,1.76976,1.77039,1.00,1.00
2017.01.03 01:09:43.185,1.76977,1.7704,1.00,1.00
2017.01.03 01:09:43.533,1.76984,1.77047,1.00,1.00
2017.01.03 01:09:43.904,1.76983,1.77044,1.00,1.00
2017.01.03 01:09:44.004,1.76991,1.77054,1.00,1.00
2017.01.03 01:09:44.054,1.76994,1.77057,1.00,1.00
2017.01.03 01:09:44.156,1.76996,1.7706,1.00,1.87
2017.01.03 01:09:44.206,1.76998,1.7706,1.00,1.12
2017.01.03 01:09:44.533,1.76999,1.77062,1.00,1.00
2017.01.03 01:09:45.834,1.77001,1.77062,1.00,1.00
2017.01.03 01:09:46.500,1.77,1.77061,1.00,1.00
2017.01.03 01:09:46.670,1.76997,1.7706,1.00,1.00
2017.01.03 01:09:46.720,1.76996,1.77057,1.00,1.00
2017.01.03 01:09:46.821,1.76989,1.77051,1.00,1.00
2017.01.03 01:09:47.356,1.76989,1.7705,1.00,1.00
2017.01.03 01:09:47.863,1.7699,1.77051,1.00,1.00
2017.01.03 01:09:48.194,1.7699,1.77053,1.00,1.00
2017.01.03 01:09:48.245,1.76982,1.77043,1.00,1.00
2017.01.03 01:09:48.569,1.7698,1.77041,1.00,1.00
2017.01.03 01:09:49.070,1.76979,1.7704,1.00,1.00
2017.01.03 01:09:49.336,1.76979,1.77042,1.00,1.00
2017.01.03 01:09:50.490,1.76978,1.77041,1.00,1.00
2017.01.03 01:09:50.724,1.76974,1.77037,1.00,1.00
2017.01.03 01:09:51.225,1.76975,1.77038,1.00,1.00
2017.01.03 01:09:52.640,1.76977,1.77038,1.00,1.00
2017.01.03 01:09:53.430,1.76978,1.77039,1.00,1.00
2017.01.03 01:09:54.320,1.76977,1.77038,1.00,1.00
2017.01.03 01:09:55.348,1.76982,1.77043,1.00,1.12
2017.01.03 01:09:55.399,1.76983,1.77046,1.00,1.50
2017.01.03 01:09:55.449,1.76985,1.77046,1.00,1.50
2017.01.03 01:09:55.601,1.76993,1.77056,1.00,1.00
2017.01.03 01:09:55.651,1.76999,1.7706,1.00,1.00
2017.01.03 01:09:55.802,1.76997,1.7706,1.00,1.00
2017.01.03 01:09:55.853,1.76996,1.77057,1.00,1.00
2017.01.03 01:09:55.904,1.76994,1.77057,1.00,1.00
2017.01.03 01:09:55.954,1.76992,1.77054,1.00,1.00
2017.01.03 01:09:56.514,1.76991,1.77054,1.00,1.00
2017.01.03 01:09:56.846,1.76996,1.77057,1.00,1.00
2017.01.03 01:09:58.948,1.76992,1.77055,1.00,1.00
2017.01.03 01:10:00.255,1.76991,1.77054,1.00,1.00
2017.01.03 01:10:00.306,1.76994,1.77055,1.00,1.00
2017.01.03 01:10:00.673,1.76994,1.77057,1.00,1.00
2017.01.03 01:10:00.774,1.76992,1.77054,1.00,1.00
2017.01.03 01:10:01.076,1.76995,1.77056,1.00,1.00
2017.01.03 01:10:01.127,1.76995,1.77058,1.00,1.00
2017.01.03 01:10:01.178,1.76997,1.77058,1.00,1.00
2017.01.03 01:10:01.334,1.77004,1.77067,1.00,1.00
2017.01.03 01:10:01.488,1.77006,1.77067,1.00,1.00
2017.01.03 01:10:01.648,1.77006,1.77069,1.00,1.00
2017.01.03 01:10:01.850,1.77009,1.77071,1.00,1.00
2017.01.03 01:10:02.817,1.77012,1.77075,1.00,1.00
2017.01.03 01:10:02.919,1.77015,1.77078,1.00,1.00
2017.01.03 01:10:03.283,1.77013,1.77076,1.00,1.00
2017.01.03 01:10:03.595,1.77016,1.77079,1.00,1.00
2017.01.03 01:10:03.897,1.77018,1.77079,1.00,1.00
2017.01.03 01:10:03.948,1.77015,1.77077,1.00,1.00
2017.01.03 01:10:06.625,1.77014,1.77075,1.00,1.00
2017.01.03 01:10:06.805,1.77008,1.7707,1.00,1.00
2017.01.03 01:10:06.856,1.77007,1.77068,1.00,1.00
2017.01.03 01:10:07.158,1.77017,1.7708,1.00,1.37
2017.01.03 01:10:07.209,1.77017,1.7708,1.00,1.00
2017.01.03 01:10:07.408,1.77019,1.77079,1.00,1.00
2017.01.03 01:10:07.459,1.7702,1.77083,1.00,1.00
2017.01.03 01:10:07.571,1.77023,1.77084,1.00,1.00
2017.01.03 01:10:07.755,1.77025,1.77087,1.00,1.00
2017.01.03 01:10:07.907,1.77023,1.77084,1.00,1.00
2017.01.03 01:10:08.511,1.77024,1.77085,1.00,1.00
2017.01.03 01:10:09.032,1.77023,1.77084,1.00,1.00
2017.01.03 01:10:09.590,1.77022,1.77083,1.00,1.00
2017.01.03 01:10:10.661,1.77024,1.77085,1.00,1.00
2017.01.03 01:10:10.812,1.7703,1.77092,1.00,1.00
2017.01.03 01:10:12.188,1.77029,1.77091,1.00,1.00
2017.01.03 01:10:12.239,1.77028,1.77089,1.00,1.00
2017.01.03 01:10:13.063,1.77026,1.77088,1.00,1.00
2017.01.03 01:10:13.114,1.77022,1.77084,1.00,1.00
2017.01.03 01:10:13.165,1.7702,1.77083,1.00,1.00
2017.01.03 01:10:13.224,1.77016,1.77076,1.00,1.00
2017.01.03 01:10:14.336,1.77009,1.77071,1.00,1.00
2017.01.03 01:10:14.465,1.77009,1.77069,1.00,1.00
2017.01.03 01:10:14.566,1.77007,1.77069,1.00,1.00
2017.01.03 01:10:15.930,1.77008,1.7707,1.00,1.00
2017.01.03 01:10:15.981,1.77008,1.77068,1.00,1.00
2017.01.03 01:10:16.216,1.77008,1.7707,1.00,1.00
2017.01.03 01:10:16.882,1.77009,1.77071,1.00,1.00
2017.01.03 01:10:19.101,1.77009,1.77072,1.00,1.00
2017.01.03 01:10:19.505,1.77016,1.77079,1.00,1.00
2017.01.03 01:10:19.606,1.77018,1.77082,1.00,1.00
2017.01.03 01:10:19.657,1.77022,1.77082,1.00,1.00
2017.01.03 01:10:19.826,1.77024,1.77085,1.00,1.00
2017.01.03 01:10:20.073,1.77026,1.77086,1.00,1.00
2017.01.03 01:10:21.487,1.77025,1.77085,1.00,1.00
2017.01.03 01:10:21.588,1.77025,1.77088,1.00,1.00
2017.01.03 01:10:21.796,1.77028,1.77088,1.00,1.00
2017.01.03 01:10:22.438,1.77025,1.77085,1.00,1.00
2017.01.03 01:10:25.203,1.77024,1.77086,1.00,1.00
2017.01.03 01:10:25.753,1.77024,1.77087,1.00,1.00
2017.01.03 01:10:26.549,1.77024,1.77085,1.00,1.00
2017.01.03 01:10:30.123,1.77022,1.77085,1.00,1.00
2017.01.03 01:10:34.896,1.77023,1.77085,1.00,1.50
2017.01.03 01:10:37.408,1.77023,1.77083,1.00,1.00
2017.01.03 01:10:38.061,1.77013,1.77073,1.00,1.00
2017.01.03 01:10:38.213,1.77007,1.77069,1.00,1.00
2017.01.03 01:10:39.289,1.77007,1.77068,1.00,1.00
2017.01.03 01:10:39.975,1.77007,1.77069,1.00,1.00
2017.01.03 01:10:42.662,1.77018,1.77075,1.00,1.00
2017.01.03 01:10:42.713,1.77016,1.77075,1.00,1.00
2017.01.03 01:10:42.814,1.77018,1.77078,1.00,1.00
2017.01.03 01:10:42.864,1.77022,1.77079,1.00,1.00
2017.01.03 01:10:42.965,1.77026,1.77088,1.00,1.00
2017.01.03 01:10:43.016,1.77021,1.7708,1.00,1.00
2017.01.03 01:10:43.066,1.77027,1.77087,1.00,1.00
2017.01.03 01:10:43.117,1.77017,1.77079,1.00,1.00
2017.01.03 01:10:43.227,1.77009,1.77067,1.00,1.00
2017.01.03 01:10:43.278,1.77007,1.77067,1.00,1.00
2017.01.03 01:11:04.681,1.77014,1.77072,1.00,1.00
2017.01.03 01:11:04.731,1.77016,1.77076,1.00,1.00
2017.01.03 01:11:04.832,1.77016,1.77078,1.00,1.00
2017.01.03 01:11:05.385,1.77016,1.77077,1.00,1.00
2017.01.03 01:11:06.037,1.77016,1.77076,1.00,1.00
2017.01.03 01:11:06.164,1.77019,1.77079,1.00,1.00
2017.01.03 01:11:06.467,1.77023,1.77085,1.00,1.00
2017.01.03 01:11:06.517,1.77025,1.77085,1.00,1.00
2017.01.03 01:11:06.568,1.77022,1.77084,1.00,1.00
2017.01.03 01:11:07.291,1.77023,1.77085,1.00,1.00
2017.01.03 01:11:08.891,1.77027,1.77087,1.00,1.00
2017.01.03 01:11:09.288,1.77031,1.77091,1.00,1.00
2017.01.03 01:11:10.379,1.77032,1.77092,1.00,1.00
2017.01.03 01:11:11.033,1.77029,1.7709,1.00,1.00
2017.01.03 01:11:11.084,1.77025,1.77085,1.00,1.00
2017.01.03 01:11:11.235,1.77021,1.77083,1.00,1.00
2017.01.03 01:11:11.536,1.77021,1.7708,1.00,1.00
2017.01.03 01:11:11.587,1.77018,1.7708,1.00,1.00
2017.01.03 01:11:12.629,1.77027,1.77087,1.00,1.00
2017.01.03 01:11:12.931,1.77014,1.77076,1.00,1.00
2017.01.03 01:11:13.116,1.77016,1.77076,1.00,1.00
2017.01.03 01:11:14.389,1.77016,1.77078,1.00,1.00
2017.01.03 01:11:15.197,1.77018,1.77077,1.00,1.00
2017.01.03 01:11:15.743,1.7702,1.77081,1.00,1.00
2017.01.03 01:11:15.844,1.77024,1.77084,1.00,1.00
2017.01.03 01:11:15.995,1.77022,1.77084,1.00,1.00
2017.01.03 01:11:17.650,1.77026,1.77085,1.00,1.00
2017.01.03 01:11:18.004,1.77016,1.77075,1.00,1.00
2017.01.03 01:11:23.578,1.77016,1.77076,1.00,1.00
2017.01.03 01:11:23.912,1.77018,1.77077,1.00,1.00
2017.01.03 01:11:24.261,1.77034,1.77089,1.00,1.00
2017.01.03 01:11:24.312,1.77037,1.77097,1.00,1.00
2017.01.03 01:11:24.519,1.77032,1.77091,1.00,1.00
2017.01.03 01:11:24.959,1.77034,1.77093,1.00,1.00
2017.01.03 01:11:25.684,1.77034,1.77095,1.00,1.00
2017.01.03 01:11:31.009,1.77032,1.7709,1.00,1.00
2017.01.03 01:11:31.601,1.77032,1.77091,1.00,1.00
2017.01.03 01:11:32.732,1.77031,1.7709,1.00,1.00
2017.01.03 01:11:32.842,1.77031,1.77092,1.00,1.00
2017.01.03 01:11:32.902,1.77034,1.77092,1.00,1.00
2017.01.03 01:11:35.211,1.77033,1.77094,1.00,1.50
2017.01.03 01:11:35.312,1.77035,1.77094,1.00,1.00
2017.01.03 01:11:35.606,1.77033,1.77094,1.00,1.00
2017.01.03 01:11:37.342,1.77032,1.77093,1.00,1.00
2017.01.03 01:11:37.624,1.77029,1.77089,1.00,1.00
2017.01.03 01:11:37.960,1.77037,1.77091,1.00,1.00
2017.01.03 01:11:38.061,1.77042,1.77102,1.00,1.00
2017.01.03 01:11:38.150,1.77032,1.77088,1.00,1.00
2017.01.03 01:11:38.251,1.77021,1.77081,1.00,1.00
2017.01.03 01:11:38.661,1.77021,1.7708,1.00,1.37
2017.01.03 01:11:38.981,1.7701,1.77068,1.00,1.00
2017.01.03 01:11:39.178,1.77016,1.77075,1.00,1.00
2017.01.03 01:11:39.229,1.77021,1.77082,1.00,1.00
2017.01.03 01:11:39.843,1.77022,1.77083,1.00,1.12
2017.01.03 01:11:39.893,1.77027,1.77083,1.00,1.00
2017.01.03 01:11:39.944,1.7703,1.77089,1.00,1.00
2017.01.03 01:11:40.095,1.77033,1.7709,1.00,1.00
2017.01.03 01:11:40.188,1.77031,1.7709,1.00,1.00
2017.01.03 01:11:40.340,1.77029,1.7709,1.00,1.00
2017.01.03 01:11:41.066,1.77028,1.77088,1.00,1.00
2017.01.03 01:11:41.318,1.77022,1.77083,1.00,1.00
2017.01.03 01:11:41.406,1.77022,1.77081,1.00,1.00
2017.01.03 01:11:41.658,1.77022,1.77083,1.00,1.00
2017.01.03 01:11:41.809,1.77022,1.7708,1.00,1.00
2017.01.03 01:11:43.774,1.77022,1.77083,1.00,1.50
2017.01.03 01:11:43.876,1.77022,1.77081,1.00,1.00
2017.01.03 01:11:43.927,1.7702,1.77081,1.00,1.00
2017.01.03 01:11:44.138,1.77019,1.77079,1.00,1.00
2017.01.03 01:11:44.441,1.77012,1.77071,1.00,1.50
2017.01.03 01:11:44.542,1.7701,1.7707,1.00,1.00
2017.01.03 01:11:44.865,1.77016,1.77074,1.00,1.50
2017.01.03 01:11:45.116,1.77011,1.77071,1.50,1.00
2017.01.03 01:11:46.268,1.7701,1.77071,1.00,1.00
2017.01.03 01:11:47.810,1.77012,1.77072,1.00,1.00
2017.01.03 01:11:57.888,1.77012,1.77069,1.00,1.00
2017.01.03 01:12:07.910,1.77014,1.77069,1.00,1.00
2017.01.03 01:12:07.961,1.77015,1.77073,1.00,1.00
2017.01.03 01:12:08.538,1.77015,1.77074,1.00,1.00
2017.01.03 01:12:09.761,1.77017,1.77074,1.00,1.00
2017.01.03 01:12:10.275,1.77016,1.77075,1.00,1.00
2017.01.03 01:12:10.687,1.77012,1.7707,1.00,1.00
2017.01.03 01:12:11.020,1.7701,1.77068,1.00,1.00
2017.01.03 01:12:11.580,1.7701,1.77067,1.00,1.00
2017.01.03 01:12:13.857,1.77003,1.77057,1.00,1.00
2017.01.03 01:12:13.958,1.76993,1.77051,1.00,1.00
2017.01.03 01:12:14.092,1.76995,1.77053,1.00,1.00
2017.01.03 01:12:14.394,1.77013,1.77066,1.00,1.00
2017.01.03 01:12:14.445,1.77013,1.77068,1.00,1.00
2017.01.03 01:12:14.728,1.77013,1.77071,1.00,1.00
2017.01.03 01:12:14.983,1.77016,1.77073,1.00,1.00
2017.01.03 01:12:15.121,1.77017,1.77075,1.00,1.00
2017.01.03 01:12:21.976,1.77016,1.77075,1.00,1.50
2017.01.03 01:12:22.027,1.77012,1.77072,1.00,1.00
2017.01.03 01:12:23.093,1.77012,1.77071,1.00,1.00
2017.01.03 01:12:24.093,1.77017,1.77071,1.00,1.00
2017.01.03 01:12:24.768,1.77023,1.77071,1.00,1.00
2017.01.03 01:12:24.819,1.77017,1.77071,1.00,1.00
2017.01.03 01:12:24.869,1.7702,1.77071,1.00,1.00
2017.01.03 01:12:26.143,1.77022,1.77071,1.00,1.00
2017.01.03 01:12:26.249,1.77022,1.77077,1.00,1.00
2017.01.03 01:12:26.450,1.77028,1.77081,1.00,1.00
2017.01.03 01:12:26.522,1.77028,1.77083,1.00,1.00
2017.01.03 01:12:28.197,1.77024,1.77083,1.00,1.50
2017.01.03 01:12:29.160,1.77023,1.77082,1.00,1.00
2017.01.03 01:12:29.618,1.77023,1.7708,1.00,1.00
2017.01.03 01:12:30.371,1.7702,1.77079,1.00,1.00
2017.01.03 01:12:30.472,1.77019,1.77076,1.50,1.00
2017.01.03 01:12:30.799,1.77016,1.77072,1.00,1.00
2017.01.03 01:12:36.983,1.77015,1.77072,1.00,1.00
2017.01.03 01:12:37.134,1.77023,1.77082,1.00,1.00
2017.01.03 01:12:37.235,1.77013,1.77069,1.00,1.00
2017.01.03 01:12:37.336,1.77008,1.77065,1.00,1.00
2017.01.03 01:12:38.698,1.77009,1.77066,1.00,1.00
2017.01.03 01:12:39.607,1.77012,1.77069,1.00,1.00
2017.01.03 01:12:43.046,1.77008,1.77065,1.00,1.00
2017.01.03 01:12:43.378,1.77009,1.77067,1.00,1.00
2017.01.03 01:12:43.726,1.77007,1.77065,1.00,1.00
2017.01.03 01:12:44.292,1.77009,1.77066,1.00,1.00
2017.01.03 01:12:47.603,1.77009,1.77065,1.00,1.00
2017.01.03 01:12:47.790,1.77007,1.77066,1.00,1.00
2017.01.03 01:12:49.089,1.77007,1.77065,1.00,1.00
2017.01.03 01:12:50.274,1.77007,1.77066,1.00,1.50
2017.01.03 01:12:50.373,1.77009,1.77066,1.00,1.50
2017.01.03 01:12:51.024,1.77011,1.77068,1.00,1.00
2017.01.03 01:13:00.621,1.77011,1.77067,1.00,1.00
2017.01.03 01:13:00.671,1.77006,1.77064,1.00,1.00
2017.01.03 01:13:00.722,1.77011,1.77067,1.00,1.00
2017.01.03 01:13:05.829,1.77007,1.77065,1.00,1.00
2017.01.03 01:13:05.879,1.7701,1.77066,1.00,1.00
2017.01.03 01:13:07.222,1.77008,1.77064,1.00,1.00
2017.01.03 01:13:10.499,1.7701,1.77067,1.00,1.50
2017.01.03 01:13:10.714,1.77008,1.77064,1.00,1.00
2017.01.03 01:13:15.321,1.77009,1.77066,1.00,1.50
2017.01.03 01:13:16.415,1.77008,1.77066,1.00,1.50
2017.01.03 01:13:19.692,1.77009,1.77066,1.00,1.00
2017.01.03 01:13:25.183,1.77008,1.77066,1.00,1.00
2017.01.03 01:13:25.337,1.7701,1.77065,1.00,1.00
2017.01.03 01:13:25.387,1.7701,1.77068,1.00,1.50
2017.01.03 01:13:26.763,1.77008,1.77063,1.00,1.00
2017.01.03 01:13:28.092,1.77007,1.77062,1.00,1.00
2017.01.03 01:13:30.119,1.77005,1.77062,1.00,1.50
2017.01.03 01:13:30.628,1.77005,1.77061,1.00,1.00
2017.01.03 01:13:32.010,1.77003,1.77061,1.00,1.00
2017.01.03 01:13:32.169,1.77005,1.77062,1.00,1.00
2017.01.03 01:13:32.517,1.77004,1.7706,1.00,1.00
2017.01.03 01:13:34.344,1.77005,1.77063,1.00,1.00
2017.01.03 01:13:34.787,1.77002,1.77059,1.00,1.00
2017.01.03 01:13:35.105,1.77001,1.77056,1.00,1.00
2017.01.03 01:13:35.257,1.76998,1.77054,1.00,1.00
2017.01.03 01:13:35.307,1.76995,1.7705,1.00,1.00
2017.01.03 01:13:35.358,1.76993,1.77049,1.00,1.00
2017.01.03 01:13:35.850,1.76995,1.77052,1.00,1.50
2017.01.03 01:13:35.951,1.76998,1.77052,1.00,1.00
2017.01.03 01:13:36.091,1.76998,1.77056,1.00,1.50
2017.01.03 01:13:36.387,1.77003,1.77056,1.00,1.00
2017.01.03 01:13:36.438,1.77003,1.77059,1.00,1.00
2017.01.03 01:13:36.539,1.77003,1.77061,1.00,1.00
2017.01.03 01:13:39.503,1.77003,1.7706,1.00,1.00
2017.01.03 01:13:39.603,1.77005,1.77061,1.00,1.00
2017.01.03 01:13:39.654,1.77003,1.77061,1.00,1.00
2017.01.03 01:13:40.920,1.77003,1.77059,1.00,1.00
2017.01.03 01:13:40.971,1.77,1.77058,1.00,1.00
2017.01.03 01:13:41.071,1.77003,1.77059,1.00,1.50
2017.01.03 01:13:41.380,1.77,1.77057,1.00,1.00
2017.01.03 01:13:41.631,1.77003,1.77059,1.00,1.50
2017.01.03 01:13:41.896,1.77003,1.77061,1.00,1.00
2017.01.03 01:13:42.185,1.77002,1.77058,1.00,1.00
2017.01.03 01:13:42.437,1.77,1.77058,1.00,1.00
2017.01.03 01:13:43.994,1.77002,1.7706,1.00,1.00
2017.01.03 01:13:44.490,1.77004,1.7706,1.00,1.00
2017.01.03 01:13:45.056,1.77004,1.77061,1.00,1.00
2017.01.03 01:13:45.576,1.77003,1.77061,1.00,1.00
2017.01.03 01:13:48.383,1.77004,1.77062,1.00,1.00
2017.01.03 01:13:51.071,1.77004,1.77061,1.00,1.00
2017.01.03 01:14:00.125,1.77003,1.77061,1.00,1.00
2017.01.03 01:14:02.690,1.77004,1.77061,1.00,1.00
2017.01.03 01:14:03.219,1.77003,1.77061,1.00,1.00
2017.01.03 01:14:04.769,1.77004,1.77061,1.00,1.00
2017.01.03 01:14:05.932,1.77003,1.7706,1.00,1.00
2017.01.03 01:14:06.115,1.77,1.77058,1.00,1.00
2017.01.03 01:14:06.887,1.77001,1.77057,1.00,1.00
2017.01.03 01:14:08.161,1.76999,1.77058,1.00,1.00
2017.01.03 01:14:08.239,1.77,1.77056,1.00,1.00
2017.01.03 01:14:17.173,1.76992,1.77059,1.00,1.00
2017.01.03 01:14:17.286,1.77,1.77056,1.00,1.00
2017.01.03 01:14:18.960,1.77,1.77057,1.00,1.00
2017.01.03 01:14:23.556,1.77003,1.77059,1.00,1.00
2017.01.03 01:14:23.606,1.77001,1.77058,1.00,1.00
2017.01.03 01:14:23.758,1.77004,1.77061,1.00,1.00
2017.01.03 01:14:30.115,1.77005,1.77063,1.00,1.00
2017.01.03 01:14:30.410,1.77003,1.77062,1.00,1.00
2017.01.03 01:14:31.136,1.77002,1.77061,1.00,1.00
2017.01.03 01:14:34.559,1.77001,1.7706,1.00,1.00
2017.01.03 01:14:34.917,1.77,1.77057,1.00,1.00
2017.01.03 01:14:34.968,1.76997,1.77056,1.00,1.00
2017.01.03 01:14:35.156,1.76976,1.77037,1.00,1.00
2017.01.03 01:14:35.207,1.76972,1.77026,1.00,1.00
2017.01.03 01:14:35.258,1.76971,1.77028,1.00,1.00
2017.01.03 01:14:35.358,1.76966,1.77011,1.12,1.00
2017.01.03 01:14:35.409,1.76956,1.77012,1.00,1.00
2017.01.03 01:14:35.460,1.76953,1.77012,1.00,1.00
2017.01.03 01:14:35.561,1.76956,1.77014,1.00,1.00
2017.01.03 01:14:35.662,1.76954,1.77013,1.00,1.00
2017.01.03 01:14:35.712,1.76949,1.77008,1.00,1.00
2017.01.03 01:14:36.015,1.76942,1.76998,1.00,1.00
2017.01.03 01:14:36.267,1.76937,1.76996,1.00,1.00
2017.01.03 01:14:36.318,1.76939,1.76997,1.00,1.00
2017.01.03 01:14:36.519,1.76949,1.77008,1.00,1.00
2017.01.03 01:14:36.570,1.76949,1.77006,1.00,1.00
2017.01.03 01:14:37.101,1.76947,1.77004,1.00,1.00
2017.01.03 01:14:37.617,1.76946,1.77003,1.00,1.00
2017.01.03 01:14:37.939,1.76947,1.77006,1.00,1.00
2017.01.03 01:14:38.066,1.76952,1.77009,1.00,1.00
2017.01.03 01:14:38.210,1.76951,1.77012,1.00,1.00
2017.01.03 01:14:38.261,1.76953,1.77012,1.00,1.00
2017.01.03 01:14:38.597,1.76952,1.7701,1.00,1.00
2017.01.03 01:14:38.987,1.76963,1.7702,1.00,1.00
2017.01.03 01:14:39.608,1.76964,1.77021,1.00,1.00
2017.01.03 01:14:41.118,1.76963,1.7702,1.00,1.00
2017.01.03 01:14:41.776,1.76963,1.77022,1.00,1.00
2017.01.03 01:14:45.111,1.76964,1.77023,1.00,1.00
2017.01.03 01:14:45.162,1.76963,1.77021,1.00,1.00
2017.01.03 01:14:45.459,1.76963,1.77023,1.00,1.00
2017.01.03 01:14:45.611,1.76964,1.77021,1.00,1.00
2017.01.03 01:14:45.712,1.76964,1.77023,1.00,1.00
2017.01.03 01:14:45.774,1.76964,1.77021,1.00,1.00
2017.01.03 01:14:45.872,1.76963,1.77023,1.00,1.00
2017.01.03 01:14:46.192,1.76965,1.77022,1.00,1.00
2017.01.03 01:14:46.242,1.76963,1.77022,1.00,1.00
2017.01.03 01:14:46.895,1.76963,1.77021,1.00,1.00
2017.01.03 01:14:47.396,1.76961,1.77021,1.00,1.00
2017.01.03 01:14:47.447,1.76957,1.77016,1.00,1.00
2017.01.03 01:14:48.074,1.76957,1.77014,1.00,1.00
2017.01.03 01:14:48.326,1.76963,1.77021,1.00,1.00
2017.01.03 01:14:48.890,1.76962,1.77022,1.00,1.00
2017.01.03 01:14:49.858,1.76955,1.77014,1.00,1.00
2017.01.03 01:14:49.909,1.76949,1.77009,1.00,1.00
2017.01.03 01:14:49.960,1.7695,1.77007,1.00,1.00
2017.01.03 01:14:50.060,1.76953,1.77011,1.00,1.00
2017.01.03 01:14:50.596,1.76957,1.77017,1.00,1.00
2017.01.03 01:14:50.647,1.76959,1.77018,1.00,1.00
2017.01.03 01:14:51.187,1.7696,1.77017,1.00,1.00
2017.01.03 01:14:51.775,1.7696,1.77018,1.00,1.00
2017.01.03 01:14:54.152,1.76959,1.77017,1.00,1.00
2017.01.03 01:14:55.333,1.76959,1.77019,1.00,1.00
2017.01.03 01:14:56.822,1.7696,1.77017,1.00,1.00
2017.01.03 01:14:56.944,1.76957,1.77017,1.00,1.00
2017.01.03 01:14:57.045,1.76954,1.77014,1.00,1.00
2017.01.03 01:14:57.385,1.76957,1.77015,1.00,1.00
2017.01.03 01:15:00.182,1.76956,1.77014,1.00,1.00
2017.01.03 01:15:00.296,1.76956,1.77016,1.00,1.00
2017.01.03 01:15:00.871,1.76955,1.77015,1.00,1.00
2017.01.03 01:15:01.021,1.76945,1.77005,1.00,1.00
2017.01.03 01:15:01.406,1.76946,1.77003,1.00,1.00
2017.01.03 01:15:01.781,1.76946,1.77005,1.00,1.00
2017.01.03 01:15:02.333,1.76945,1.77005,1.00,1.00
2017.01.03 01:15:02.865,1.7695,1.77009,1.00,1.00
2017.01.03 01:15:03.464,1.76941,1.76999,1.00,1.00
2017.01.03 01:15:03.559,1.76945,1.77005,1.00,1.00
2017.01.03 01:15:03.660,1.76939,1.76997,1.00,1.00
2017.01.03 01:15:04.082,1.76935,1.76996,1.00,1.00
2017.01.03 01:15:04.133,1.76939,1.76997,1.00,1.00
2017.01.03 01:15:04.551,1.76939,1.76999,1.00,1.00
2017.01.03 01:15:04.602,1.76937,1.76998,1.00,1.00
2017.01.03 01:15:05.208,1.76935,1.76995,1.00,1.00
2017.01.03 01:15:05.309,1.76932,1.76993,1.00,1.00
2017.01.03 01:15:05.903,1.76932,1.76992,1.00,1.00
2017.01.03 01:15:05.953,1.76934,1.76992,1.00,1.00
2017.01.03 01:15:06.445,1.76933,1.76994,1.00,1.00
2017.01.03 01:15:06.551,1.76934,1.76992,1.00,1.00
2017.01.03 01:15:07.371,1.76933,1.76993,1.00,1.00
2017.01.03 01:15:07.961,1.76934,1.76993,1.00,1.00
2017.01.03 01:15:08.021,1.76932,1.76993,1.00,1.00
2017.01.03 01:15:08.072,1.76934,1.76993,1.00,1.00
2017.01.03 01:15:08.122,1.76932,1.76993,1.00,1.00
2017.01.03 01:15:08.828,1.76935,1.76993,1.00,1.00
2017.01.03 01:15:08.991,1.76932,1.76993,1.00,1.00
2017.01.03 01:15:09.100,1.76934,1.76993,1.00,1.00
2017.01.03 01:15:10.169,1.76932,1.76992,1.00,1.00
2017.01.03 01:15:10.381,1.76931,1.7699,1.00,1.00
2017.01.03 01:15:11.136,1.76932,1.7699,1.00,1.00
2017.01.03 01:15:11.721,1.76932,1.76991,1.00,1.00
2017.01.03 01:15:12.011,1.76934,1.76995,1.00,1.00
2017.01.03 01:15:12.172,1.76937,1.76995,1.00,1.00
2017.01.03 01:15:13.022,1.76936,1.76997,1.00,1.00
2017.01.03 01:15:13.475,1.76938,1.76997,1.00,1.00
2017.01.03 01:15:13.893,1.76938,1.76999,1.00,1.00
2017.01.03 01:15:17.186,1.76937,1.76998,1.00,1.00
2017.01.03 01:15:17.654,1.76939,1.76998,1.00,1.00
2017.01.03 01:15:18.386,1.76939,1.77,1.00,1.00
2017.01.03 01:15:18.487,1.76941,1.77002,1.00,1.00
2017.01.03 01:15:18.995,1.7694,1.77,1.00,1.00
2017.01.03 01:15:19.350,1.76939,1.77002,1.00,1.00
2017.01.03 01:15:19.402,1.76942,1.77001,1.00,1.00
2017.01.03 01:15:20.071,1.76942,1.77002,1.00,1.00
2017.01.03 01:15:21.597,1.76941,1.77002,1.00,1.00
2017.01.03 01:15:21.916,1.76939,1.76999,1.00,1.00
2017.01.03 01:15:22.042,1.76939,1.77001,1.00,1.00
2017.01.03 01:15:26.618,1.76941,1.77001,1.00,1.00
2017.01.03 01:15:27.215,1.7694,1.77001,1.00,1.00
2017.01.03 01:15:27.746,1.76941,1.77001,1.00,1.00
2017.01.03 01:15:28.477,1.7694,1.77,1.00,1.00
2017.01.03 01:15:29.865,1.76939,1.76999,1.00,1.00
2017.01.03 01:15:29.916,1.76937,1.77,1.00,1.00
2017.01.03 01:15:29.966,1.76938,1.76998,1.00,1.00
2017.01.03 01:15:30.544,1.76938,1.77,1.00,1.00
2017.01.03 01:15:37.735,1.76938,1.76998,1.00,1.00
2017.01.03 01:15:37.786,1.76936,1.76999,1.00,1.00
2017.01.03 01:15:37.837,1.76937,1.76997,1.00,1.00
2017.01.03 01:15:38.055,1.76935,1.76997,1.00,1.00
2017.01.03 01:15:39.101,1.76935,1.76996,1.00,1.00
2017.01.03 01:15:39.263,1.76934,1.76994,1.00,1.00
2017.01.03 01:15:40.155,1.76933,1.76995,1.00,1.00
2017.01.03 01:15:40.695,1.76932,1.76994,1.00,1.00
2017.01.03 01:15:41.383,1.76933,1.76995,1.00,1.00
2017.01.03 01:15:41.903,1.76932,1.76994,1.00,1.00
2017.01.03 01:15:42.488,1.76933,1.76993,1.00,1.00
2017.01.03 01:15:43.071,1.76933,1.76995,1.00,1.00
2017.01.03 01:15:43.970,1.76933,1.76993,1.00,1.00
2017.01.03 01:15:44.501,1.76932,1.76994,1.00,1.00
2017.01.03 01:15:45.015,1.76933,1.76993,1.00,1.00
2017.01.03 01:15:45.283,1.76933,1.76995,1.00,1.00
2017.01.03 01:15:45.385,1.76933,1.76993,1.00,1.00
2017.01.03 01:15:45.485,1.76932,1.76995,1.00,1.00
2017.01.03 01:15:45.629,1.76934,1.76994,1.00,1.00
2017.01.03 01:15:45.954,1.76932,1.76995,1.00,1.00
2017.01.03 01:15:46.259,1.76934,1.76994,1.00,1.00
2017.01.03 01:15:46.404,1.76933,1.76996,1.00,1.00
2017.01.03 01:15:46.504,1.76934,1.76994,1.00,1.00
2017.01.03 01:15:46.555,1.76933,1.76996,1.00,1.00
2017.01.03 01:15:46.616,1.76935,1.76997,1.00,1.00
2017.01.03 01:15:47.242,1.76934,1.76997,1.00,1.00
2017.01.03 01:15:47.594,1.76936,1.76996,1.00,1.00
2017.01.03 01:15:47.674,1.76934,1.76997,1.00,1.00
2017.01.03 01:15:48.515,1.76935,1.76996,1.00,1.00
2017.01.03 01:15:51.261,1.76936,1.76996,1.00,1.00
2017.01.03 01:15:52.672,1.76934,1.76997,1.00,1.00
2017.01.03 01:15:53.163,1.76945,1.77007,1.00,1.00
2017.01.03 01:15:53.503,1.76956,1.77017,1.00,1.00
2017.01.03 01:15:54.149,1.76956,1.77016,1.00,1.00
2017.01.03 01:15:54.268,1.76955,1.77018,1.00,1.00
2017.01.03 01:15:54.318,1.76957,1.77018,1.00,1.00
2017.01.03 01:15:54.664,1.76955,1.77015,1.00,1.00
2017.01.03 01:15:55.124,1.76956,1.77017,1.00,1.00
2017.01.03 01:15:55.896,1.76957,1.77017,1.00,1.00
2017.01.03 01:15:55.947,1.76957,1.77019,1.00,1.00
2017.01.03 01:15:55.997,1.76964,1.77025,1.00,1.00
2017.01.03 01:15:56.098,1.76962,1.77025,1.00,1.00
2017.01.03 01:15:56.199,1.76962,1.77022,1.00,1.00
2017.01.03 01:15:56.250,1.7696,1.77021,1.00,1.00
2017.01.03 01:15:56.451,1.76958,1.77019,1.00,1.00
2017.01.03 01:15:56.846,1.76955,1.77017,1.00,1.00
2017.01.03 01:15:57.589,1.76957,1.77017,1.00,1.00
2017.01.03 01:15:58.743,1.7696,1.77023,1.00,1.00
2017.01.03 01:15:58.793,1.76962,1.77023,1.00,1.00
2017.01.03 01:15:59.301,1.76963,1.77024,1.00,1.00
2017.01.03 01:15:59.474,1.76958,1.77021,1.00,1.00
2017.01.03 01:15:59.582,1.76958,1.77019,1.00,1.00
2017.01.03 01:16:00.132,1.76957,1.7702,1.00,1.00
2017.01.03 01:16:00.594,1.76959,1.7702,1.00,1.00
2017.01.03 01:16:00.701,1.76961,1.77024,1.00,1.00
2017.01.03 01:16:00.752,1.76967,1.7703,1.00,1.00
2017.01.03 01:16:01.095,1.76966,1.77027,1.00,1.00
2017.01.03 01:16:02.563,1.76966,1.77029,1.00,1.00
2017.01.03 01:16:02.671,1.76964,1.77027,1.00,1.00
2017.01.03 01:16:02.860,1.76962,1.77026,1.00,1.00
2017.01.03 01:16:02.911,1.76963,1.77024,1.00,1.00
2017.01.03 01:16:02.961,1.7696,1.77023,1.00,1.00
2017.01.03 01:16:03.106,1.7696,1.77021,1.00,1.00
2017.01.03 01:16:03.791,1.7696,1.77022,1.00,1.00
2017.01.03 01:16:04.335,1.76959,1.77022,1.00,1.00
2017.01.03 01:16:04.856,1.7696,1.77023,1.00,1.00
2017.01.03 01:16:05.158,1.76956,1.77017,1.00,1.00
2017.01.03 01:16:05.876,1.76955,1.77016,1.00,1.00
2017.01.03 01:16:06.571,1.76956,1.77017,1.00,1.00
2017.01.03 01:16:08.530,1.76953,1.77017,1.00,1.00
2017.01.03 01:16:08.711,1.76954,1.77015,1.00,1.00
2017.01.03 01:16:09.594,1.76954,1.77019,1.00,1.00
2017.01.03 01:16:09.644,1.76959,1.7702,1.00,1.00
2017.01.03 01:16:09.695,1.76958,1.77022,1.00,1.00
2017.01.03 01:16:09.746,1.7696,1.77023,1.00,1.00
2017.01.03 01:16:10.286,1.76961,1.77022,1.00,1.00
2017.01.03 01:16:11.376,1.76959,1.77022,1.00,1.00
2017.01.03 01:16:11.445,1.76936,1.76997,1.50,1.00
2017.01.03 01:16:11.661,1.76936,1.77,1.00,1.00
2017.01.03 01:16:11.917,1.76939,1.77,1.00,1.00
2017.01.03 01:16:11.988,1.76939,1.77002,1.00,1.00
2017.01.03 01:16:12.288,1.76946,1.77007,1.00,1.00
2017.01.03 01:16:12.339,1.76951,1.77014,1.00,1.00
2017.01.03 01:16:12.440,1.76953,1.77014,1.00,1.00
2017.01.03 01:16:12.491,1.76953,1.77016,1.00,1.00
2017.01.03 01:16:12.541,1.76953,1.77014,1.00,1.00
2017.01.03 01:16:12.719,1.76953,1.77017,1.00,1.00
2017.01.03 01:16:12.930,1.76953,1.77015,1.00,1.00
2017.01.03 01:16:12.981,1.76953,1.77017,1.00,1.00
2017.01.03 01:16:13.132,1.76953,1.77015,1.00,1.00
2017.01.03 01:16:13.463,1.76941,1.77005,1.00,1.00
2017.01.03 01:16:13.564,1.76919,1.76982,1.00,1.00
2017.01.03 01:16:13.901,1.76928,1.76991,1.00,1.00
2017.01.03 01:16:14.154,1.7693,1.76994,1.00,1.00
2017.01.03 01:16:14.204,1.76932,1.76994,1.00,1.00
2017.01.03 01:16:14.976,1.76931,1.76994,1.00,1.00
2017.01.03 01:16:15.930,1.76932,1.76994,1.00,1.00
2017.01.03 01:16:16.389,1.7693,1.76994,1.00,1.00
2017.01.03 01:16:16.956,1.7693,1.76993,1.00,1.00
2017.01.03 01:16:18.562,1.76929,1.76993,1.00,1.00
2017.01.03 01:16:19.107,1.76929,1.76992,1.00,1.00
2017.01.03 01:16:19.749,1.7693,1.76992,1.00,1.00
2017.01.03 01:16:20.545,1.7693,1.76994,1.00,1.00
2017.01.03 01:16:20.749,1.76928,1.76992,1.00,1.00
2017.01.03 01:16:21.443,1.76929,1.76993,1.00,1.00
2017.01.03 01:16:21.746,1.76908,1.7697,1.00,1.00
2017.01.03 01:16:22.615,1.76906,1.7697,1.00,1.00
2017.01.03 01:16:23.165,1.76904,1.76968,1.00,1.00
2017.01.03 01:16:23.692,1.76905,1.76967,1.00,1.00
2017.01.03 01:16:24.568,1.76913,1.76977,1.00,1.00
2017.01.03 01:16:24.820,1.76915,1.76979,1.00,1.00
2017.01.03 01:16:25.330,1.76914,1.76979,1.00,1.00
2017.01.03 01:16:25.670,1.76916,1.76978,1.00,1.00
2017.01.03 01:16:25.871,1.76914,1.76979,1.00,1.00
2017.01.03 01:16:26.242,1.76916,1.76979,1.00,1.00
2017.01.03 01:16:26.562,1.76914,1.76979,1.00,1.00
2017.01.03 01:16:26.749,1.76915,1.76977,1.00,1.00
2017.01.03 01:16:27.162,1.76915,1.76979,1.00,1.00
2017.01.03 01:16:27.522,1.76909,1.76973,1.00,1.00
2017.01.03 01:16:32.865,1.76908,1.76972,1.00,1.00
2017.01.03 01:16:33.492,1.76908,1.76971,1.00,1.00
2017.01.03 01:16:35.839,1.76911,1.76976,1.00,1.00
2017.01.03 01:16:35.940,1.7691,1.76973,1.00,1.00
2017.01.03 01:16:35.991,1.76908,1.76973,1.00,1.00
2017.01.03 01:16:36.529,1.76908,1.76971,1.00,1.00
2017.01.03 01:16:36.765,1.76904,1.76968,1.00,1.00
2017.01.03 01:16:37.315,1.76904,1.76967,1.00,1.00
2017.01.03 01:16:37.457,1.76904,1.76969,1.00,1.00
2017.01.03 01:16:37.910,1.76904,1.76967,1.00,1.00
2017.01.03 01:16:38.250,1.76903,1.76969,1.00,1.00
2017.01.03 01:16:38.300,1.76904,1.76967,1.00,1.00
2017.01.03 01:16:38.877,1.76905,1.76968,1.00,1.00
2017.01.03 01:16:38.989,1.76903,1.76968,1.00,1.00
2017.01.03 01:16:39.039,1.76905,1.76968,1.00,1.00
2017.01.03 01:16:39.113,1.76905,1.7697,1.00,1.00
2017.01.03 01:16:39.415,1.76903,1.76968,1.00,1.00
2017.01.03 01:16:39.748,1.76906,1.76969,1.00,1.00
2017.01.03 01:16:39.848,1.76904,1.76969,1.00,1.00
2017.01.03 01:16:40.043,1.76904,1.76967,1.00,1.00
2017.01.03 01:16:40.187,1.76904,1.76969,1.00,1.00
2017.01.03 01:16:40.607,1.76906,1.76971,1.00,1.00
2017.01.03 01:16:40.708,1.76904,1.7697,1.00,1.00
2017.01.03 01:16:40.759,1.76906,1.76969,1.00,1.00
2017.01.03 01:16:40.810,1.76904,1.7697,1.00,1.00
2017.01.03 01:16:41.210,1.76907,1.7697,1.00,1.00
2017.01.03 01:16:41.261,1.76905,1.7697,1.00,1.00
2017.01.03 01:16:41.753,1.76907,1.7697,1.00,1.00
2017.01.03 01:16:41.904,1.76905,1.7697,1.00,1.00
2017.01.03 01:16:42.055,1.76905,1.76968,1.00,1.00
2017.01.03 01:16:42.205,1.76903,1.76968,1.00,1.00
2017.01.03 01:16:42.508,1.76905,1.76968,1.00,1.00
2017.01.03 01:16:42.559,1.76903,1.76969,1.00,1.00
2017.01.03 01:16:42.609,1.76904,1.76967,1.00,1.00
2017.01.03 01:16:42.760,1.76904,1.76969,1.00,1.00
2017.01.03 01:16:42.810,1.76903,1.76967,1.00,1.00
2017.01.03 01:16:43.216,1.76901,1.76966,1.00,1.00
2017.01.03 01:16:43.629,1.76903,1.76968,1.00,1.00
2017.01.03 01:16:43.900,1.76901,1.76968,1.00,1.00
2017.01.03 01:16:43.951,1.76901,1.76966,1.00,1.00
2017.01.03 01:16:44.203,1.76902,1.76968,1.00,1.00
2017.01.03 01:16:44.639,1.76903,1.76966,1.00,1.00
2017.01.03 01:16:44.784,1.76903,1.76969,1.00,1.00
2017.01.03 01:16:44.835,1.76904,1.76967,1.00,1.00
2017.01.03 01:16:45.192,1.76904,1.76969,1.00,1.00
2017.01.03 01:16:45.615,1.76903,1.76966,1.00,1.00
2017.01.03 01:16:45.716,1.76903,1.76968,1.00,1.00
2017.01.03 01:16:45.822,1.76903,1.76966,1.00,1.00
2017.01.03 01:16:46.187,1.76904,1.76969,1.00,1.00
2017.01.03 01:16:46.439,1.76902,1.76968,1.00,1.00
2017.01.03 01:16:46.622,1.76904,1.7697,1.00,1.00
2017.01.03 01:16:46.930,1.76902,1.76968,1.00,1.00
2017.01.03 01:16:47.048,1.76902,1.7697,1.00,1.00
2017.01.03 01:16:47.099,1.76902,1.76968,1.00,1.00
2017.01.03 01:16:47.270,1.76902,1.7697,1.00,1.00
2017.01.03 01:16:47.539,1.76905,1.76969,1.00,1.00
2017.01.03 01:16:47.884,1.76903,1.76967,1.00,1.00
2017.01.03 01:16:48.397,1.76905,1.76969,1.00,1.00
2017.01.03 01:16:48.697,1.76902,1.76968,1.00,1.00
2017.01.03 01:16:48.797,1.76906,1.7697,1.00,1.00
2017.01.03 01:16:49.049,1.76902,1.76968,1.00,1.00
2017.01.03 01:16:49.235,1.76904,1.7697,1.00,1.00
2017.01.03 01:16:49.539,1.76903,1.76967,1.00,1.00
2017.01.03 01:16:49.694,1.769,1.76966,1.00,1.00
2017.01.03 01:16:49.845,1.76903,1.76967,1.00,1.00
2017.01.03 01:16:49.896,1.76905,1.76971,1.00,1.00
2017.01.03 01:16:50.021,1.76909,1.76975,1.00,1.00
2017.01.03 01:16:50.346,1.76915,1.76979,1.00,1.00
2017.01.03 01:16:50.719,1.76912,1.76978,1.00,1.00
2017.01.03 01:16:50.791,1.76914,1.76978,1.00,1.00
2017.01.03 01:16:50.892,1.76909,1.76975,1.00,1.00
2017.01.03 01:16:50.942,1.76912,1.76977,1.00,1.00
2017.01.03 01:16:51.043,1.76913,1.76979,1.00,1.00
2017.01.03 01:16:51.094,1.76912,1.76977,1.00,1.00
2017.01.03 01:16:51.144,1.76913,1.76979,1.00,1.00
2017.01.03 01:16:51.195,1.76912,1.76977,1.00,1.00
2017.01.03 01:16:51.396,1.76914,1.7698,1.00,1.00
2017.01.03 01:16:51.447,1.76919,1.76983,1.00,1.00
2017.01.03 01:16:51.497,1.7692,1.76985,1.00,1.00
2017.01.03 01:16:51.548,1.76925,1.76991,1.00,1.00
2017.01.03 01:16:51.649,1.76927,1.76993,1.00,1.00
2017.01.03 01:16:51.750,1.76923,1.7699,1.00,1.00
2017.01.03 01:16:51.800,1.76921,1.76985,1.00,1.00
2017.01.03 01:16:51.902,1.76919,1.76986,1.00,1.00
2017.01.03 01:16:52.350,1.76919,1.76984,1.00,1.00
2017.01.03 01:16:52.451,1.76919,1.76986,1.00,1.00
2017.01.03 01:16:52.544,1.76921,1.76986,1.00,1.00
2017.01.03 01:16:52.855,1.76918,1.76986,1.00,1.00
2017.01.03 01:16:52.906,1.7692,1.76985,1.00,1.00
2017.01.03 01:16:52.956,1.76918,1.76985,1.00,1.00
2017.01.03 01:16:53.007,1.76921,1.76987,1.00,1.00
2017.01.03 01:16:53.057,1.7692,1.76989,1.00,1.00
2017.01.03 01:16:53.108,1.7692,1.76987,1.00,1.00
2017.01.03 01:16:53.693,1.76922,1.76987,1.00,1.00
2017.01.03 01:16:53.744,1.7692,1.76987,1.00,1.00
2017.01.03 01:16:54.280,1.7692,1.76986,1.00,1.00
2017.01.03 01:16:54.655,1.76921,1.76988,1.00,1.00
2017.01.03 01:16:54.917,1.76923,1.76988,1.00,1.00
2017.01.03 01:16:54.968,1.76921,1.76989,1.00,1.00
2017.01.03 01:16:55.018,1.76923,1.76989,1.00,1.00
2017.01.03 01:16:55.543,1.76923,1.76988,1.00,1.00
2017.01.03 01:16:55.593,1.76922,1.7699,1.00,1.00
2017.01.03 01:16:55.644,1.76923,1.76988,1.00,1.00
2017.01.03 01:16:55.755,1.76922,1.7699,1.00,1.00
2017.01.03 01:16:56.407,1.76923,1.76988,1.00,1.00
2017.01.03 01:16:56.457,1.76922,1.7699,1.00,1.00
2017.01.03 01:16:56.622,1.76923,1.76988,1.00,1.00
2017.01.03 01:16:56.674,1.76922,1.7699,1.00,1.00
2017.01.03 01:16:56.837,1.76922,1.76988,1.00,1.00
2017.01.03 01:16:56.888,1.76921,1.7699,1.00,1.00
2017.01.03 01:16:57.109,1.76922,1.76988,1.00,1.00
2017.01.03 01:16:57.188,1.76922,1.7699,1.00,1.00
2017.01.03 01:16:57.384,1.76922,1.76988,1.00,1.00
2017.01.03 01:16:57.783,1.76922,1.7699,1.00,1.00
2017.01.03 01:16:58.141,1.76915,1.76978,1.00,1.00
2017.01.03 01:16:58.246,1.76908,1.76974,1.00,1.00
2017.01.03 01:16:58.347,1.76906,1.76972,1.00,1.00
2017.01.03 01:17:00.479,1.76904,1.7697,1.00,1.00
2017.01.03 01:17:00.956,1.76902,1.76968,1.00,1.00
2017.01.03 01:17:01.682,1.76905,1.76971,1.00,1.00
2017.01.03 01:17:01.732,1.76905,1.76973,1.00,1.00
2017.01.03 01:17:02.245,1.76906,1.76974,1.00,1.00
2017.01.03 01:17:02.523,1.76908,1.76974,1.00,1.00
2017.01.03 01:17:02.953,1.76906,1.76972,1.00,1.00
2017.01.03 01:17:03.100,1.76902,1.7697,1.00,1.00
2017.01.03 01:17:03.418,1.76907,1.76975,1.00,1.50
2017.01.03 01:17:03.760,1.76909,1.76975,1.00,1.00
2017.01.03 01:17:03.892,1.76907,1.76974,1.00,1.00
2017.01.03 01:17:04.260,1.76909,1.76975,1.00,1.00
2017.01.03 01:17:04.311,1.76907,1.76975,1.00,1.00
2017.01.03 01:17:04.756,1.76914,1.76981,1.00,1.00
2017.01.03 01:17:05.149,1.76909,1.76977,1.00,1.00
2017.01.03 01:17:05.251,1.76906,1.76975,1.00,1.00
2017.01.03 01:17:05.352,1.76908,1.76974,1.00,1.00
2017.01.03 01:17:05.776,1.76908,1.76977,1.00,1.00
2017.01.03 01:17:05.827,1.7691,1.76977,1.00,1.00
2017.01.03 01:17:06.078,1.76908,1.76976,1.00,1.00
2017.01.03 01:17:06.629,1.76908,1.76977,1.00,1.00
2017.01.03 01:17:06.914,1.76907,1.76974,1.00,1.00
2017.01.03 01:17:07.362,1.76905,1.76972,1.00,1.00
2017.01.03 01:17:07.677,1.76903,1.76972,1.00,1.00
2017.01.03 01:17:07.727,1.76901,1.76968,1.00,1.00
2017.01.03 01:17:07.828,1.76902,1.76971,1.00,1.00
2017.01.03 01:17:07.879,1.76905,1.76974,1.00,1.00
2017.01.03 01:17:08.193,1.76909,1.76976,1.00,1.00
2017.01.03 01:17:08.446,1.76908,1.76978,1.00,1.00
2017.01.03 01:17:08.497,1.7691,1.76977,1.00,1.00
2017.01.03 01:17:08.547,1.76911,1.7698,1.00,1.00
2017.01.03 01:17:08.649,1.76913,1.76982,1.00,1.00
2017.01.03 01:17:08.951,1.76904,1.76973,1.00,1.00
2017.01.03 01:17:09.259,1.76906,1.76973,1.00,1.00
2017.01.03 01:17:09.741,1.76909,1.76976,1.00,1.00
2017.01.03 01:17:09.892,1.76911,1.7698,1.00,1.00
2017.01.03 01:17:09.943,1.76909,1.76978,1.00,1.00
2017.01.03 01:17:09.993,1.7691,1.7698,1.00,1.00
2017.01.03 01:17:10.207,1.76912,1.76979,1.00,1.00
2017.01.03 01:17:10.257,1.7691,1.76979,1.00,1.00
2017.01.03 01:17:10.441,1.76912,1.76979,1.00,1.00
2017.01.03 01:17:10.492,1.7691,1.76979,1.00,1.00
2017.01.03 01:17:11.008,1.76909,1.76978,1.00,1.00
2017.01.03 01:17:11.058,1.76911,1.76978,1.00,1.00
2017.01.03 01:17:11.500,1.76908,1.76978,1.00,1.00
2017.01.03 01:17:11.551,1.7691,1.76979,1.00,1.00
2017.01.03 01:17:11.853,1.76915,1.76984,1.00,1.00
2017.01.03 01:17:12.913,1.76914,1.76983,1.00,1.00
2017.01.03 01:17:14.196,1.76914,1.76982,1.00,1.00
2017.01.03 01:17:14.257,1.76912,1.76982,1.00,1.00
2017.01.03 01:17:14.938,1.76911,1.7698,1.00,1.00
2017.01.03 01:17:15.090,1.76906,1.76976,1.00,1.00
2017.01.03 01:17:15.140,1.76907,1.76974,1.00,1.00
2017.01.03 01:17:15.191,1.76905,1.76974,1.00,1.00
2017.01.03 01:17:15.708,1.76905,1.76973,1.00,1.00
2017.01.03 01:17:15.988,1.76905,1.76975,1.00,1.00
2017.01.03 01:17:16.139,1.76908,1.76975,1.00,1.00
2017.01.03 01:17:16.190,1.76908,1.76977,1.00,1.00
2017.01.03 01:17:16.290,1.76907,1.76975,1.00,1.00
2017.01.03 01:17:16.341,1.76905,1.76975,1.00,1.00
2017.01.03 01:17:16.542,1.76905,1.76973,1.00,1.00
2017.01.03 01:17:17.111,1.76905,1.76975,1.00,1.00
2017.01.03 01:17:17.161,1.76905,1.76973,1.00,1.00
2017.01.03 01:17:17.331,1.76904,1.76975,1.00,1.00
2017.01.03 01:17:17.382,1.76906,1.76975,1.00,1.00
2017.01.03 01:17:17.645,1.76904,1.76974,1.00,1.00
2017.01.03 01:17:17.713,1.76906,1.76974,1.00,1.00
2017.01.03 01:17:17.764,1.76904,1.76974,1.00,1.00
2017.01.03 01:17:18.311,1.76906,1.76974,1.00,1.00
2017.01.03 01:17:18.412,1.76906,1.76976,1.00,1.00
2017.01.03 01:17:18.462,1.76906,1.76974,1.00,1.00
2017.01.03 01:17:18.571,1.76904,1.76974,1.00,1.00
2017.01.03 01:17:18.714,1.76906,1.76974,1.00,1.00
2017.01.03 01:17:19.070,1.76906,1.76976,1.00,1.00
2017.01.03 01:17:19.120,1.76906,1.76974,1.00,1.00
2017.01.03 01:17:19.223,1.76906,1.76976,1.00,1.00
2017.01.03 01:17:19.274,1.76908,1.76976,1.00,1.00
2017.01.03 01:17:19.421,1.76906,1.76976,1.00,1.00
2017.01.03 01:17:19.575,1.76904,1.76974,1.00,1.00
2017.01.03 01:17:20.460,1.76905,1.76975,1.00,1.00
2017.01.03 01:17:21.046,1.76905,1.76974,1.00,1.00
2017.01.03 01:17:21.567,1.76904,1.76974,1.00,1.00
2017.01.03 01:17:22.106,1.76906,1.76974,1.00,1.00
2017.01.03 01:17:22.328,1.76904,1.76974,1.00,1.00
2017.01.03 01:17:22.622,1.76906,1.76974,1.00,1.00
2017.01.03 01:17:22.731,1.76904,1.76975,1.00,1.00
2017.01.03 01:17:22.983,1.76905,1.76973,1.00,1.00
2017.01.03 01:17:23.380,1.76905,1.76975,1.00,1.00
2017.01.03 01:17:23.531,1.76907,1.76975,1.00,1.00
2017.01.03 01:17:23.581,1.76905,1.76976,1.00,1.00
2017.01.03 01:17:23.682,1.76907,1.76977,1.00,1.00
2017.01.03 01:17:24.032,1.76907,1.76975,1.00,1.00
2017.01.03 01:17:24.153,1.76904,1.76975,1.00,1.00
2017.01.03 01:17:24.203,1.76906,1.76974,1.00,1.00
2017.01.03 01:17:24.254,1.76904,1.76975,1.00,1.00
2017.01.03 01:17:24.306,1.76906,1.76974,1.00,1.00
2017.01.03 01:17:24.441,1.76905,1.76976,1.00,1.00
2017.01.03 01:17:24.492,1.76905,1.76973,1.00,1.00
2017.01.03 01:17:24.815,1.76904,1.76976,1.00,1.00
2017.01.03 01:17:24.916,1.76907,1.76976,1.00,1.00
2017.01.03 01:17:25.150,1.76904,1.76974,1.00,1.00
2017.01.03 01:17:25.351,1.76907,1.76975,1.00,1.00
2017.01.03 01:17:25.402,1.76905,1.76975,1.00,1.00
2017.01.03 01:17:25.452,1.76905,1.76973,1.00,1.00
2017.01.03 01:17:25.503,1.76905,1.76975,1.00,1.00
2017.01.03 01:17:25.680,1.76907,1.76976,1.00,1.00
2017.01.03 01:17:25.731,1.76905,1.76976,1.00,1.00
2017.01.03 01:17:25.781,1.76907,1.76976,1.00,1.00
2017.01.03 01:17:25.922,1.76905,1.76976,1.00,1.00
2017.01.03 01:17:26.128,1.76907,1.76977,1.00,1.00
2017.01.03 01:17:26.229,1.76909,1.7698,1.00,1.50
2017.01.03 01:17:26.363,1.76909,1.76977,1.00,1.00
2017.01.03 01:17:26.464,1.76907,1.76978,1.00,1.00
2017.01.03 01:17:26.565,1.76902,1.76971,1.00,1.00
2017.01.03 01:17:26.817,1.76897,1.76968,1.37,1.00
2017.01.03 01:17:27.177,1.76904,1.76972,1.00,1.50
2017.01.03 01:17:27.279,1.76902,1.76972,1.00,1.00
2017.01.03 01:17:27.659,1.76903,1.76974,1.00,1.00
2017.01.03 01:17:27.709,1.76906,1.76974,1.00,1.00
2017.01.03 01:17:27.810,1.76907,1.76977,1.00,1.00
2017.01.03 01:17:28.581,1.76907,1.76976,1.00,1.00
2017.01.03 01:17:29.160,1.76908,1.76977,1.00,1.00
2017.01.03 01:17:29.248,1.76906,1.76977,1.00,1.00
2017.01.03 01:17:29.441,1.76904,1.76975,1.00,1.00
2017.01.03 01:17:29.766,1.76902,1.76973,1.00,1.00
2017.01.03 01:17:30.093,1.7691,1.76982,1.00,1.00
2017.01.03 01:17:30.144,1.76912,1.76981,1.00,1.00
2017.01.03 01:17:30.530,1.76909,1.76979,1.00,1.00
2017.01.03 01:17:30.631,1.76908,1.76977,1.12,1.00
2017.01.03 01:17:33.052,1.76907,1.76976,1.50,1.00
2017.01.03 01:17:35.256,1.76907,1.76977,1.50,1.00
2017.01.03 01:17:35.306,1.76909,1.7698,1.00,1.00
2017.01.03 01:17:35.628,1.76914,1.76983,1.00,1.00
2017.01.03 01:17:35.680,1.76917,1.76987,1.00,1.00
2017.01.03 01:17:35.809,1.76923,1.76992,1.00,1.00
2017.01.03 01:17:36.160,1.7692,1.76991,1.50,1.00
2017.01.03 01:17:36.756,1.7692,1.76992,1.00,1.00
2017.01.03 01:17:36.807,1.76922,1.76991,1.00,1.00
2017.01.03 01:17:37.258,1.76918,1.7699,1.00,1.00
2017.01.03 01:17:37.308,1.76918,1.76988,1.00,1.00
2017.01.03 01:17:37.875,1.76919,1.76988,1.00,1.00
2017.01.03 01:17:38.038,1.76916,1.76986,1.00,1.00
2017.01.03 01:17:38.300,1.76918,1.76987,1.00,1.00
2017.01.03 01:17:38.401,1.76916,1.76988,1.00,1.00
2017.01.03 01:17:38.452,1.76916,1.76986,1.00,1.00
2017.01.03 01:17:38.552,1.76919,1.7699,1.00,1.00
2017.01.03 01:17:38.653,1.76921,1.7699,1.00,1.00
2017.01.03 01:17:38.825,1.7692,1.76992,1.00,1.00
2017.01.03 01:17:39.187,1.76921,1.7699,1.00,1.00
2017.01.03 01:17:39.537,1.7692,1.76992,1.00,1.00
2017.01.03 01:17:40.260,1.76921,1.76992,1.00,1.00
2017.01.03 01:17:40.644,1.76921,1.7699,1.00,1.00
2017.01.03 01:17:40.779,1.76919,1.7699,1.00,1.00
2017.01.03 01:17:40.940,1.76916,1.76988,1.00,1.00
2017.01.03 01:17:41.469,1.76918,1.76988,1.00,1.00
2017.01.03 01:17:42.038,1.76916,1.76988,1.00,1.00
2017.01.03 01:17:42.123,1.76919,1.76989,1.00,1.00
2017.01.03 01:17:42.407,1.76917,1.76988,1.00,1.00
2017.01.03 01:17:42.927,1.76918,1.76988,1.00,1.00
2017.01.03 01:17:43.028,1.76916,1.76988,1.00,1.00
2017.01.03 01:17:43.242,1.76918,1.76989,1.00,1.00
2017.01.03 01:17:43.703,1.7692,1.76991,1.00,1.00
2017.01.03 01:17:44.223,1.76919,1.7699,1.00,1.00
2017.01.03 01:17:45.181,1.76918,1.7699,1.00,1.00
2017.01.03 01:17:46.848,1.76917,1.7699,1.00,1.00
2017.01.03 01:17:47.160,1.76918,1.76988,1.00,1.00
2017.01.03 01:17:47.704,1.76919,1.76989,1.00,1.00
2017.01.03 01:17:47.754,1.76919,1.76991,1.00,1.00
2017.01.03 01:17:47.805,1.76919,1.76989,1.00,1.00
2017.01.03 01:17:47.855,1.76917,1.7699,1.00,1.00
2017.01.03 01:17:48.037,1.76918,1.76988,1.00,1.00
2017.01.03 01:17:48.753,1.7692,1.7699,1.00,1.00
2017.01.03 01:17:49.337,1.76919,1.76989,1.00,1.00
2017.01.03 01:17:49.672,1.7692,1.76992,1.00,1.00
2017.01.03 01:17:49.723,1.76918,1.76988,1.00,1.00
2017.01.03 01:17:49.773,1.76918,1.7699,1.00,1.00
2017.01.03 01:17:50.019,1.7692,1.7699,1.00,1.00
2017.01.03 01:17:50.380,1.76919,1.76992,1.00,1.00
2017.01.03 01:17:50.431,1.7692,1.7699,1.00,1.00
2017.01.03 01:17:50.545,1.76919,1.76992,1.00,1.00
2017.01.03 01:17:50.645,1.7692,1.7699,1.00,1.00
2017.01.03 01:17:51.230,1.76919,1.76991,1.00,1.00
2017.01.03 01:17:53.011,1.76921,1.76991,1.00,1.00
2017.01.03 01:17:53.542,1.76922,1.76992,1.00,1.00
2017.01.03 01:17:54.020,1.76919,1.76991,1.00,1.00
2017.01.03 01:17:54.521,1.7692,1.76992,1.00,1.00
2017.01.03 01:17:55.077,1.76919,1.76991,1.00,1.00
2017.01.03 01:17:55.271,1.76919,1.76987,1.00,1.00
2017.01.03 01:17:55.907,1.76918,1.76987,1.00,1.00
2017.01.03 01:17:56.817,1.7692,1.76987,1.00,1.00
2017.01.03 01:17:57.687,1.76917,1.76987,1.00,1.00
2017.01.03 01:17:57.751,1.76915,1.76987,1.50,1.00
2017.01.03 01:17:58.397,1.76917,1.76987,1.00,1.50
2017.01.03 01:17:58.944,1.76918,1.76987,1.00,1.00
2017.01.03 01:17:59.715,1.76919,1.76987,1.00,1.00
2017.01.03 01:18:00.235,1.76916,1.76986,1.00,1.00
2017.01.03 01:18:01.623,1.76915,1.76986,1.00,1.00
2017.01.03 01:18:01.777,1.7692,1.76987,1.00,1.00
2017.01.03 01:18:01.828,1.76917,1.76987,1.00,1.00
2017.01.03 01:18:01.979,1.76915,1.76987,1.50,1.00
2017.01.03 01:18:02.410,1.76915,1.76985,1.00,1.00
2017.01.03 01:18:02.967,1.76918,1.76987,1.00,1.00
2017.01.03 01:18:03.499,1.76917,1.76987,1.00,1.00
2017.01.03 01:18:03.797,1.76915,1.76986,1.50,1.00
2017.01.03 01:18:10.112,1.76915,1.76985,1.00,1.00
2017.01.03 01:18:12.134,1.76915,1.76986,1.00,1.00
2017.01.03 01:18:13.040,1.76915,1.76987,1.00,1.50
2017.01.03 01:18:13.907,1.76914,1.76984,1.00,1.00
2017.01.03 01:18:14.872,1.76913,1.76984,1.00,1.00
2017.01.03 01:18:15.524,1.76912,1.76984,1.00,1.00
2017.01.03 01:18:15.920,1.76914,1.76984,1.00,1.50
2017.01.03 01:18:16.725,1.76914,1.76984,1.00,1.37
2017.01.03 01:18:16.775,1.7691,1.76983,1.87,1.12
2017.01.03 01:18:16.876,1.76906,1.76975,1.37,1.00
2017.01.03 01:18:16.927,1.76905,1.76975,1.00,1.50
2017.01.03 01:18:17.090,1.76903,1.76974,1.00,2.25
2017.01.03 01:18:17.419,1.76901,1.76966,1.00,1.00
2017.01.03 01:18:17.752,1.76905,1.76966,1.00,1.00
2017.01.03 01:18:18.351,1.76906,1.76966,1.00,1.00
2017.01.03 01:18:19.632,1.76904,1.76966,1.00,1.00
2017.01.03 01:18:19.732,1.76898,1.76966,1.00,1.00
2017.01.03 01:18:19.941,1.76895,1.76966,1.00,1.00
2017.01.03 01:18:20.539,1.76894,1.76963,1.00,1.00
2017.01.03 01:18:20.795,1.76894,1.76966,1.00,1.50
2017.01.03 01:18:20.845,1.76894,1.76964,1.00,1.00
2017.01.03 01:18:21.365,1.76894,1.76965,1.00,1.00
2017.01.03 01:18:22.074,1.76894,1.76964,1.00,1.00
2017.01.03 01:18:22.660,1.76894,1.76961,1.00,1.00
2017.01.03 01:18:22.710,1.76894,1.76963,1.00,1.00
2017.01.03 01:18:22.761,1.76889,1.76959,1.87,1.00
2017.01.03 01:18:22.862,1.7689,1.76959,1.00,1.00
2017.01.03 01:18:23.101,1.76888,1.76959,1.00,1.00
2017.01.03 01:18:24.357,1.7689,1.76959,1.00,1.00
2017.01.03 01:18:24.711,1.76892,1.76959,1.00,1.00
2017.01.03 01:18:25.219,1.7689,1.76959,1.00,1.00
2017.01.03 01:18:25.320,1.76892,1.76959,1.00,1.00
2017.01.03 01:18:29.073,1.76893,1.76959,1.00,1.00
2017.01.03 01:18:29.611,1.76892,1.76959,1.00,1.00
2017.01.03 01:18:37.664,1.7689,1.76959,1.37,1.00
2017.01.03 01:18:37.966,1.76895,1.76966,1.00,1.50
2017.01.03 01:18:38.016,1.76897,1.76966,1.00,1.50
2017.01.03 01:18:38.346,1.76899,1.76966,1.00,1.00
2017.01.03 01:18:38.397,1.76896,1.76966,1.00,1.00
2017.01.03 01:18:38.537,1.76894,1.76966,1.00,1.00
2017.01.03 01:18:38.751,1.76892,1.76964,1.50,1.00
2017.01.03 01:18:38.902,1.76892,1.76966,1.50,1.50
2017.01.03 01:18:40.834,1.76893,1.76966,1.00,1.00
2017.01.03 01:18:41.139,1.76894,1.76958,1.00,1.00
2017.01.03 01:18:41.239,1.76892,1.76958,1.00,1.00
2017.01.03 01:18:41.507,1.76894,1.76958,1.00,1.00
2017.01.03 01:18:41.927,1.76892,1.76958,1.00,1.00
2017.01.03 01:18:41.978,1.76894,1.76958,1.00,1.00
2017.01.03 01:18:42.372,1.76896,1.76958,1.00,1.00
2017.01.03 01:18:42.423,1.76894,1.76958,1.00,1.00
2017.01.03 01:18:42.573,1.76896,1.76958,1.00,1.00
2017.01.03 01:18:43.015,1.76891,1.76958,1.00,1.00
2017.01.03 01:18:43.065,1.76878,1.76945,1.75,1.00
2017.01.03 01:18:43.166,1.7688,1.76945,1.00,1.00
2017.01.03 01:18:43.529,1.76877,1.76945,1.00,1.00
2017.01.03 01:18:43.682,1.76879,1.76945,1.00,1.00
2017.01.03 01:18:44.307,1.76878,1.76945,1.00,1.00
2017.01.03 01:18:50.576,1.76882,1.76945,1.00,1.00
2017.01.03 01:18:54.770,1.76881,1.76945,1.00,1.00
2017.01.03 01:18:58.531,1.76879,1.76945,1.00,1.00
2017.01.03 01:18:59.063,1.76877,1.76945,1.00,1.00
2017.01.03 01:18:59.164,1.76879,1.76945,1.00,1.00
2017.01.03 01:18:59.215,1.76876,1.76945,1.00,1.00
2017.01.03 01:18:59.268,1.76885,1.76945,1.00,1.00
2017.01.03 01:18:59.578,1.76888,1.76957,1.00,1.37
2017.01.03 01:18:59.629,1.76884,1.76957,1.00,1.00
2017.01.03 01:18:59.680,1.76886,1.76957,1.00,1.00
2017.01.03 01:18:59.730,1.76884,1.76957,1.00,1.00
2017.01.03 01:19:00.186,1.76887,1.76957,1.00,1.00
2017.01.03 01:19:00.515,1.76889,1.76957,1.00,1.00
2017.01.03 01:19:03.391,1.76892,1.76957,1.00,1.00
2017.01.03 01:19:03.720,1.76894,1.76957,1.00,1.00
2017.01.03 01:19:03.820,1.76891,1.76957,1.00,1.00
2017.01.03 01:19:04.322,1.7689,1.76957,1.00,1.00
2017.01.03 01:19:04.496,1.76887,1.76957,1.00,1.00
2017.01.03 01:19:05.077,1.76886,1.76957,1.00,1.00
2017.01.03 01:19:05.368,1.76888,1.76957,1.00,1.00
2017.01.03 01:19:05.704,1.76894,1.76957,1.00,1.00
2017.01.03 01:19:05.855,1.76895,1.76967,1.00,1.00
2017.01.03 01:19:06.255,1.76897,1.76967,1.00,1.00
2017.01.03 01:19:06.608,1.76899,1.76967,1.00,1.00
2017.01.03 01:19:06.709,1.76897,1.76967,1.00,1.00
2017.01.03 01:19:06.809,1.76895,1.76967,1.00,1.00
2017.01.03 01:19:07.072,1.76898,1.76967,1.00,1.00
2017.01.03 01:19:07.172,1.76896,1.76967,1.00,1.00
2017.01.03 01:19:07.274,1.769,1.76967,1.00,1.00
2017.01.03 01:19:07.613,1.76904,1.76974,1.00,1.75
2017.01.03 01:19:07.714,1.76902,1.76974,1.00,1.75
2017.01.03 01:19:07.765,1.769,1.76972,1.50,1.75
2017.01.03 01:19:07.816,1.769,1.76964,1.00,1.00
2017.01.03 01:19:08.334,1.76899,1.76964,1.00,1.00
2017.01.03 01:19:10.859,1.76898,1.76964,1.00,1.00
2017.01.03 01:19:11.856,1.769,1.76964,1.00,1.00
2017.01.03 01:19:13.929,1.76901,1.76964,1.00,1.00
2017.01.03 01:19:14.438,1.769,1.76964,1.00,1.00
2017.01.03 01:19:17.195,1.76908,1.76964,1.00,1.00
2017.01.03 01:19:17.347,1.76911,1.76977,1.00,1.75
2017.01.03 01:19:17.448,1.76912,1.76977,1.00,1.12
2017.01.03 01:19:18.018,1.76913,1.76977,1.00,1.12
2017.01.03 01:19:22.705,1.7691,1.76977,1.00,1.12
2017.01.03 01:19:23.702,1.76909,1.76977,1.00,1.12
2017.01.03 01:19:25.869,1.76919,1.76977,1.00,1.12
2017.01.03 01:19:25.970,1.76917,1.76986,1.00,1.75
2017.01.03 01:19:26.071,1.76917,1.76986,1.00,1.00
