2017.01.30 23:00:00.034,1.71418,1.7155,1.00,1.00
2017.01.30 23:00:00.084,1.71413,1.71547,1.00,1.00
2017.01.30 23:00:00.135,1.71411,1.71543,1.00,1.00
2017.01.30 23:00:00.236,1.71404,1.71543,1.00,1.00
2017.01.30 23:00:00.411,1.714,1.71539,1.00,1.00
2017.01.30 23:00:00.514,1.714,1.71542,1.00,1.00
2017.01.30 23:00:00.565,1.714,1.71538,1.00,1.00
2017.01.30 23:00:00.616,1.71402,1.71541,1.00,1.00
2017.01.30 23:00:00.717,1.71404,1.71543,1.00,1.00
2017.01.30 23:00:00.831,1.71401,1.71543,1.00,1.00
2017.01.30 23:00:00.881,1.71394,1.71534,1.00,1.00
2017.01.30 23:00:00.932,1.71391,1.71534,1.50,1.00
2017.01.30 23:00:01.033,1.71391,1.71531,1.00,1.00
2017.01.30 23:00:01.382,1.71391,1.71528,1.00,1.00
2017.01.30 23:00:01.893,1.71391,1.71525,1.00,1.00
2017.01.30 23:00:02.185,1.71382,1.71523,1.00,1.00
2017.01.30 23:00:02.837,1.71382,1.71524,1.00,1.37
2017.01.30 23:00:03.048,1.71382,1.71524,1.00,1.00
2017.01.30 23:00:03.675,1.71386,1.71524,1.00,1.00
2017.01.30 23:00:04.062,1.71383,1.71524,1.00,1.00
2017.01.30 23:00:04.113,1.7139,1.71532,1.00,1.00
2017.01.30 23:00:05.366,1.71392,1.71532,1.00,1.00
2017.01.30 23:00:05.892,1.71392,1.71532,1.37,1.00
2017.01.30 23:00:06.437,1.71412,1.71532,1.00,1.00
2017.01.30 23:00:06.494,1.71402,1.71532,1.00,1.00
2017.01.30 23:00:06.717,1.71402,1.71536,1.00,1.00
2017.01.30 23:00:06.768,1.71411,1.71536,1.00,1.00
2017.01.30 23:00:07.512,1.71401,1.71536,1.00,1.00
2017.01.30 23:00:07.758,1.71412,1.71536,1.00,1.00
2017.01.30 23:00:08.261,1.71411,1.71536,1.00,1.00
2017.01.30 23:00:09.012,1.71412,1.71535,1.00,1.00
2017.01.30 23:00:09.304,1.71433,1.71569,1.37,1.00
2017.01.30 23:00:09.405,1.71435,1.71575,1.00,1.00
2017.01.30 23:00:09.455,1.71435,1.71575,1.00,1.37
2017.01.30 23:00:09.816,1.71429,1.71567,1.37,1.00
2017.01.30 23:00:10.119,1.71443,1.71584,1.37,1.50
2017.01.30 23:00:10.295,1.71443,1.71584,1.37,1.00
2017.01.30 23:00:10.346,1.71442,1.71584,1.00,1.50
2017.01.30 23:00:10.397,1.71442,1.71579,1.00,1.00
2017.01.30 23:00:10.498,1.71436,1.71579,1.00,1.50
2017.01.30 23:00:11.312,1.71442,1.71579,1.00,1.00
2017.01.30 23:00:11.463,1.71458,1.71596,1.00,1.00
2017.01.30 23:00:11.513,1.71462,1.71599,1.00,1.00
2017.01.30 23:00:11.564,1.71465,1.71606,1.00,1.00
2017.01.30 23:00:11.665,1.71468,1.71606,1.00,1.00
2017.01.30 23:00:12.126,1.71466,1.71606,1.00,1.00
2017.01.30 23:00:12.231,1.71469,1.71606,1.00,1.00
2017.01.30 23:00:13.909,1.71471,1.71612,1.00,1.00
2017.01.30 23:00:14.285,1.71471,1.71614,1.00,1.50
2017.01.30 23:00:14.386,1.71474,1.71614,1.00,1.00
2017.01.30 23:00:14.799,1.7148,1.71612,1.00,1.00
2017.01.30 23:00:14.850,1.71471,1.71609,1.00,1.00
2017.01.30 23:00:15.102,1.71471,1.71595,1.00,1.00
2017.01.30 23:00:15.203,1.7146,1.71592,1.00,1.00
2017.01.30 23:00:15.253,1.7146,1.7159,1.00,1.00
2017.01.30 23:00:15.304,1.71452,1.71593,1.00,1.00
2017.01.30 23:00:15.455,1.71454,1.71593,1.00,1.00
2017.01.30 23:00:15.564,1.71452,1.71594,1.50,1.50
2017.01.30 23:00:15.727,1.71455,1.71594,1.00,1.00
2017.01.30 23:00:15.777,1.7146,1.716,1.00,1.00
2017.01.30 23:00:16.298,1.7146,1.71599,1.00,1.00
2017.01.30 23:00:16.734,1.7146,1.71597,1.00,1.00
2017.01.30 23:00:17.248,1.7146,1.71598,1.00,1.00
2017.01.30 23:00:17.600,1.7146,1.716,1.00,1.00
2017.01.30 23:00:18.166,1.7146,1.71597,1.00,1.00
2017.01.30 23:00:18.681,1.7146,1.71595,1.00,1.00
2017.01.30 23:00:19.264,1.7146,1.71596,1.00,1.00
2017.01.30 23:00:19.468,1.7146,1.71601,1.00,1.00
2017.01.30 23:00:20.237,1.71462,1.71603,1.00,1.00
2017.01.30 23:00:20.539,1.7147,1.71608,1.00,1.00
2017.01.30 23:00:20.690,1.71468,1.71609,1.00,1.00
2017.01.30 23:00:22.078,1.71481,1.71595,1.00,1.00
2017.01.30 23:00:22.580,1.7148,1.71596,1.00,1.00
2017.01.30 23:00:23.152,1.71481,1.71597,1.00,1.00
2017.01.30 23:00:24.737,1.71484,1.716,1.00,1.00
2017.01.30 23:00:25.400,1.71484,1.71599,1.00,1.00
2017.01.30 23:00:25.864,1.71487,1.716,1.00,1.00
2017.01.30 23:00:26.518,1.71488,1.71601,1.00,1.00
2017.01.30 23:00:27.039,1.71487,1.716,1.00,1.00
2017.01.30 23:00:27.453,1.71487,1.71602,1.00,1.00
2017.01.30 23:00:28.017,1.71486,1.71601,1.00,1.00
2017.01.30 23:00:28.257,1.71488,1.71601,1.00,1.00
2017.01.30 23:00:28.364,1.71486,1.71601,1.00,1.00
2017.01.30 23:00:29.787,1.71486,1.71599,1.00,1.00
2017.01.30 23:00:30.122,1.71511,1.71607,1.00,1.00
2017.01.30 23:00:30.374,1.71511,1.71613,1.00,1.50
2017.01.30 23:00:30.424,1.71522,1.71613,1.00,1.50
2017.01.30 23:00:30.727,1.71544,1.71624,1.00,1.00
2017.01.30 23:00:30.777,1.71523,1.71624,1.00,1.00
2017.01.30 23:00:30.878,1.71521,1.71624,1.00,1.00
2017.01.30 23:00:30.994,1.71515,1.71624,1.00,1.00
2017.01.30 23:00:31.280,1.71516,1.71642,1.00,1.00
2017.01.30 23:00:31.722,1.71514,1.71642,1.00,1.00
2017.01.30 23:00:31.772,1.71514,1.7164,1.00,1.00
2017.01.30 23:00:32.074,1.7151,1.71622,1.00,1.50
2017.01.30 23:00:32.427,1.71511,1.71617,1.00,1.00
2017.01.30 23:00:32.608,1.71511,1.71622,1.00,1.00
2017.01.30 23:00:32.660,1.71521,1.71625,1.00,1.00
2017.01.30 23:00:32.761,1.71512,1.71625,1.00,1.00
2017.01.30 23:00:33.029,1.71512,1.71623,1.00,1.00
2017.01.30 23:00:33.081,1.71512,1.71625,1.00,1.00
2017.01.30 23:00:33.131,1.71521,1.71625,1.00,1.00
2017.01.30 23:00:33.622,1.71532,1.71626,1.00,1.00
2017.01.30 23:00:33.880,1.71521,1.71626,1.00,1.00
2017.01.30 23:00:33.955,1.71531,1.7165,1.00,1.00
2017.01.30 23:00:34.056,1.71526,1.7165,1.00,1.00
2017.01.30 23:00:34.543,1.71542,1.71652,1.00,1.50
2017.01.30 23:00:34.644,1.71522,1.71644,1.50,1.00
2017.01.30 23:00:34.745,1.71532,1.71644,1.00,1.00
2017.01.30 23:00:34.947,1.71521,1.71644,1.00,1.00
2017.01.30 23:00:35.247,1.7152,1.71638,1.00,1.00
2017.01.30 23:00:35.297,1.71514,1.71637,1.00,1.00
2017.01.30 23:00:35.398,1.71517,1.71639,1.00,1.00
2017.01.30 23:00:35.449,1.7152,1.71644,1.00,1.00
2017.01.30 23:00:35.687,1.71523,1.71648,1.00,1.00
2017.01.30 23:00:35.745,1.71529,1.71651,1.00,1.00
2017.01.30 23:00:36.047,1.71541,1.71646,1.00,1.00
2017.01.30 23:00:36.148,1.71531,1.71645,1.00,1.00
2017.01.30 23:00:36.198,1.71532,1.71627,1.00,1.00
2017.01.30 23:00:36.249,1.71521,1.7163,1.00,1.00
2017.01.30 23:00:36.300,1.71502,1.71614,1.00,1.00
2017.01.30 23:00:36.401,1.71486,1.71608,1.00,1.00
2017.01.30 23:00:36.501,1.71483,1.71605,1.50,1.00
2017.01.30 23:00:36.703,1.71481,1.71604,1.00,1.00
2017.01.30 23:00:36.960,1.71484,1.71605,1.00,1.00
2017.01.30 23:00:37.485,1.71484,1.71606,1.00,1.00
2017.01.30 23:00:38.040,1.71492,1.71604,1.00,1.00
2017.01.30 23:00:38.342,1.71511,1.71612,1.00,1.00
2017.01.30 23:00:38.555,1.71502,1.71613,1.00,1.50
2017.01.30 23:00:38.656,1.71511,1.71613,1.00,1.50
2017.01.30 23:00:38.961,1.71501,1.71613,1.00,1.00
2017.01.30 23:00:39.062,1.71497,1.71608,1.00,1.00
2017.01.30 23:00:39.403,1.71497,1.71602,1.00,1.00
2017.01.30 23:00:39.554,1.71484,1.716,1.00,1.00
2017.01.30 23:00:41.351,1.7149,1.7161,1.00,1.00
2017.01.30 23:00:41.451,1.71494,1.71609,1.00,1.00
2017.01.30 23:00:41.891,1.7149,1.71603,1.00,1.00
2017.01.30 23:00:41.942,1.71485,1.71601,1.00,1.00
2017.01.30 23:00:42.093,1.71483,1.71599,1.00,1.00
2017.01.30 23:00:42.358,1.71467,1.71586,1.50,1.00
2017.01.30 23:00:42.609,1.71468,1.71591,1.00,1.00
2017.01.30 23:00:42.660,1.71471,1.71594,1.00,1.00
2017.01.30 23:00:42.973,1.71473,1.71595,1.00,1.00
2017.01.30 23:00:43.855,1.71474,1.71596,1.00,1.00
2017.01.30 23:00:44.383,1.71473,1.71596,1.00,1.00
2017.01.30 23:00:44.529,1.71471,1.71596,3.00,1.00
2017.01.30 23:00:45.567,1.71472,1.71596,1.00,1.00
2017.01.30 23:00:45.617,1.71474,1.71597,1.00,1.00
2017.01.30 23:00:45.920,1.71491,1.71594,1.00,1.00
2017.01.30 23:00:46.490,1.71491,1.71593,1.00,1.00
2017.01.30 23:00:46.663,1.71482,1.71593,1.00,1.00
2017.01.30 23:00:47.302,1.71482,1.71592,1.00,1.00
2017.01.30 23:00:47.372,1.71492,1.71593,1.00,1.00
2017.01.30 23:00:47.516,1.71481,1.71593,1.00,1.00
2017.01.30 23:00:48.213,1.71482,1.71594,1.00,1.00
2017.01.30 23:00:48.937,1.71482,1.71593,1.00,1.00
2017.01.30 23:00:49.026,1.71482,1.71596,1.00,1.00
2017.01.30 23:00:49.782,1.71481,1.71596,1.00,1.00
2017.01.30 23:00:50.331,1.71482,1.71595,1.00,1.00
2017.01.30 23:00:50.482,1.71482,1.71593,1.00,1.00
2017.01.30 23:00:50.847,1.71481,1.71591,1.00,1.00
2017.01.30 23:00:50.898,1.71477,1.71588,1.00,1.00
2017.01.30 23:00:50.999,1.71476,1.71586,1.00,1.00
2017.01.30 23:00:51.432,1.71482,1.71589,1.00,1.00
2017.01.30 23:00:51.483,1.71482,1.71591,1.00,1.00
2017.01.30 23:00:51.901,1.71491,1.71592,1.00,1.50
2017.01.30 23:00:52.153,1.71481,1.71592,1.00,1.00
2017.01.30 23:00:52.229,1.71476,1.71596,1.00,1.00
2017.01.30 23:00:52.661,1.71491,1.71597,1.00,1.00
2017.01.30 23:00:56.463,1.71492,1.71597,1.00,1.00
2017.01.30 23:00:56.621,1.71481,1.71591,1.00,1.00
2017.01.30 23:00:56.672,1.71481,1.71589,1.00,1.00
2017.01.30 23:00:56.924,1.71471,1.71587,1.00,1.00
2017.01.30 23:00:57.512,1.71472,1.71587,1.00,1.00
2017.01.30 23:00:57.962,1.71468,1.71588,1.00,1.00
2017.01.30 23:00:58.267,1.71471,1.71584,1.00,1.00
2017.01.30 23:00:58.713,1.71471,1.71578,1.00,1.00
2017.01.30 23:00:58.837,1.71462,1.71572,1.00,1.00
2017.01.30 23:00:58.938,1.71466,1.71568,1.00,1.00
2017.01.30 23:00:59.662,1.71465,1.71568,1.00,1.00
2017.01.30 23:01:00.070,1.71467,1.71568,1.00,1.00
2017.01.30 23:01:00.121,1.71465,1.71568,1.00,1.00
2017.01.30 23:01:00.173,1.71462,1.71565,1.50,1.00
2017.01.30 23:01:00.476,1.71462,1.71556,1.00,1.00
2017.01.30 23:01:00.526,1.71451,1.71555,1.00,1.00
2017.01.30 23:01:00.628,1.71453,1.71554,1.00,1.00
2017.01.30 23:01:00.930,1.71463,1.71558,1.00,1.00
2017.01.30 23:01:00.980,1.71463,1.71567,1.00,1.00
2017.01.30 23:01:01.031,1.71465,1.71566,1.00,1.00
2017.01.30 23:01:01.344,1.71463,1.71567,1.00,1.00
2017.01.30 23:01:01.394,1.71464,1.71565,1.00,1.00
2017.01.30 23:01:01.726,1.71462,1.71562,1.00,1.00
2017.01.30 23:01:02.437,1.71462,1.71561,1.00,1.00
2017.01.30 23:01:02.739,1.71471,1.71554,1.00,1.00
2017.01.30 23:01:02.841,1.71461,1.71553,1.00,1.00
2017.01.30 23:01:03.058,1.71462,1.71555,1.00,1.00
2017.01.30 23:01:03.108,1.71462,1.71553,1.00,1.00
2017.01.30 23:01:03.292,1.71462,1.71559,1.00,1.00
2017.01.30 23:01:03.378,1.71461,1.71562,1.00,1.00
2017.01.30 23:01:03.516,1.71462,1.71565,1.00,1.50
2017.01.30 23:01:03.566,1.71464,1.71565,1.00,1.50
2017.01.30 23:01:04.379,1.71465,1.71565,1.00,1.00
2017.01.30 23:01:04.430,1.71463,1.71566,1.00,1.00
2017.01.30 23:01:06.640,1.71464,1.71564,1.00,1.00
2017.01.30 23:01:06.989,1.71462,1.71565,1.00,1.00
2017.01.30 23:01:08.337,1.71457,1.71544,1.00,1.00
2017.01.30 23:01:08.397,1.71451,1.71543,1.00,1.00
2017.01.30 23:01:08.599,1.71452,1.71541,1.00,1.00
2017.01.30 23:01:08.958,1.71451,1.71539,1.00,1.00
2017.01.30 23:01:09.485,1.71451,1.7154,1.00,1.00
2017.01.30 23:01:12.112,1.71451,1.71531,1.00,1.00
2017.01.30 23:01:12.187,1.71432,1.71523,1.00,1.00
2017.01.30 23:01:12.252,1.71441,1.71523,1.00,1.00
2017.01.30 23:01:12.303,1.71441,1.71525,1.00,1.00
2017.01.30 23:01:13.779,1.71442,1.71525,1.00,1.00
2017.01.30 23:01:13.842,1.71442,1.71528,1.00,1.00
2017.01.30 23:01:14.369,1.71441,1.71529,1.00,1.50
2017.01.30 23:01:14.929,1.71441,1.71528,1.00,1.00
2017.01.30 23:01:16.984,1.71432,1.71528,1.00,1.00
2017.01.30 23:01:17.563,1.71431,1.71528,1.00,1.50
2017.01.30 23:01:17.758,1.71431,1.71525,1.00,1.00
2017.01.30 23:01:18.130,1.71442,1.71525,1.00,1.00
2017.01.30 23:01:18.315,1.71431,1.71525,1.00,1.00
2017.01.30 23:01:18.366,1.71431,1.71528,1.00,1.50
2017.01.30 23:01:19.018,1.71442,1.71528,1.00,1.50
2017.01.30 23:01:21.916,1.71441,1.71528,1.00,1.50
2017.01.30 23:01:22.433,1.71442,1.71528,1.00,1.00
2017.01.30 23:01:23.048,1.71431,1.71528,1.00,1.00
2017.01.30 23:01:23.099,1.71431,1.71511,1.00,1.00
2017.01.30 23:01:23.149,1.71421,1.71505,1.00,1.00
2017.01.30 23:01:23.383,1.71432,1.71524,1.00,1.00
2017.01.30 23:01:23.482,1.71432,1.71527,1.00,1.00
2017.01.30 23:01:24.066,1.71432,1.71529,1.00,1.00
2017.01.30 23:01:28.176,1.71431,1.71529,1.00,1.00
2017.01.30 23:01:28.696,1.71431,1.71528,1.00,1.00
2017.01.30 23:01:29.262,1.71434,1.71528,1.00,1.00
2017.01.30 23:01:29.313,1.71434,1.7153,1.00,1.00
2017.01.30 23:01:29.433,1.71431,1.7153,1.00,1.50
2017.01.30 23:01:29.687,1.71431,1.71528,1.00,1.00
2017.01.30 23:01:32.096,1.71431,1.7152,1.00,1.00
2017.01.30 23:01:33.265,1.71432,1.71522,1.00,1.00
2017.01.30 23:01:33.482,1.71432,1.7152,1.00,1.00
2017.01.30 23:01:34.027,1.71431,1.71504,1.00,1.00
2017.01.30 23:01:34.078,1.71432,1.71513,1.00,1.00
2017.01.30 23:01:34.179,1.71431,1.71517,1.00,1.00
2017.01.30 23:01:34.280,1.71424,1.71508,1.00,1.00
2017.01.30 23:01:34.330,1.71423,1.71518,1.00,1.00
2017.01.30 23:01:34.381,1.71421,1.71518,1.00,1.00
2017.01.30 23:01:34.551,1.71419,1.71519,1.00,1.00
2017.01.30 23:01:34.662,1.71411,1.71517,1.00,1.00
2017.01.30 23:01:34.762,1.71432,1.71517,1.00,1.00
2017.01.30 23:01:35.552,1.71431,1.71517,1.00,1.00
2017.01.30 23:01:35.995,1.71431,1.71519,1.00,1.00
2017.01.30 23:01:36.248,1.71411,1.71519,1.00,1.00
2017.01.30 23:01:38.342,1.71412,1.71519,1.00,1.00
2017.01.30 23:01:38.445,1.71408,1.71519,1.00,1.00
2017.01.30 23:01:38.918,1.71408,1.71523,1.50,1.50
2017.01.30 23:01:40.556,1.71408,1.71522,1.00,1.00
2017.01.30 23:01:41.035,1.71416,1.71516,1.00,1.00
2017.01.30 23:01:45.138,1.71421,1.71516,1.00,1.00
2017.01.30 23:01:48.266,1.71416,1.71516,1.00,1.00
2017.01.30 23:01:54.288,1.71418,1.71515,1.00,1.00
2017.01.30 23:01:54.644,1.71422,1.71515,1.00,1.00
2017.01.30 23:01:54.873,1.71434,1.71529,1.00,1.00
2017.01.30 23:01:55.074,1.71434,1.71531,1.00,1.00
2017.01.30 23:01:55.178,1.71434,1.71528,1.00,1.00
2017.01.30 23:01:55.228,1.71433,1.7153,1.00,1.00
2017.01.30 23:02:00.056,1.71433,1.71529,1.00,1.00
2017.01.30 23:02:00.500,1.71451,1.71529,1.00,1.00
2017.01.30 23:02:01.326,1.71452,1.71529,1.00,1.00
2017.01.30 23:02:01.835,1.71451,1.71529,1.00,1.00
2017.01.30 23:02:02.602,1.71452,1.71529,1.00,1.00
2017.01.30 23:02:04.776,1.71451,1.71529,1.00,1.00
2017.01.30 23:02:06.764,1.71442,1.71528,1.00,1.00
2017.01.30 23:02:11.885,1.71451,1.7153,1.00,1.00
2017.01.30 23:02:12.359,1.71442,1.71528,1.00,1.00
2017.01.30 23:02:13.460,1.71452,1.7153,1.00,1.50
2017.01.30 23:02:14.099,1.71451,1.7153,1.00,1.50
2017.01.30 23:02:15.507,1.71442,1.71528,1.00,1.12
2017.01.30 23:02:15.558,1.71432,1.71518,1.00,1.00
2017.01.30 23:02:16.319,1.71431,1.71519,1.00,1.00
2017.01.30 23:02:17.267,1.71431,1.71519,1.00,1.37
2017.01.30 23:02:18.020,1.71431,1.71519,1.00,1.37
2017.01.30 23:02:18.679,1.71431,1.71519,1.00,1.12
2017.01.30 23:02:18.729,1.71441,1.71511,1.00,1.00
2017.01.30 23:02:19.018,1.71431,1.71511,1.00,1.00
2017.01.30 23:02:20.862,1.71432,1.71511,1.00,1.00
2017.01.30 23:02:21.020,1.71421,1.71509,1.00,1.00
2017.01.30 23:02:21.415,1.71421,1.71503,1.00,1.00
2017.01.30 23:02:22.010,1.71422,1.71503,1.00,1.00
2017.01.30 23:02:23.131,1.71411,1.71499,1.00,1.00
2017.01.30 23:02:23.964,1.71421,1.71503,1.00,1.00
2017.01.30 23:02:24.583,1.71422,1.71503,1.00,1.00
2017.01.30 23:02:27.037,1.71431,1.71503,1.00,1.00
2017.01.30 23:02:27.601,1.71432,1.71503,1.00,1.00
2017.01.30 23:02:28.118,1.71431,1.71503,1.00,1.00
2017.01.30 23:02:28.698,1.71432,1.71503,1.00,1.00
2017.01.30 23:02:29.211,1.71442,1.71503,1.00,1.00
2017.01.30 23:02:29.363,1.71442,1.71511,1.00,1.00
2017.01.30 23:02:29.906,1.71441,1.71511,1.00,1.00
2017.01.30 23:02:30.826,1.71441,1.71511,1.00,1.37
2017.01.30 23:02:31.128,1.71431,1.71505,1.00,1.00
2017.01.30 23:02:31.330,1.71441,1.71505,1.00,1.00
2017.01.30 23:02:31.431,1.71441,1.71515,1.00,1.00
2017.01.30 23:02:32.031,1.71442,1.71515,1.00,1.00
2017.01.30 23:02:34.208,1.71441,1.71515,1.00,1.37
2017.01.30 23:02:34.359,1.71422,1.71508,1.00,1.00
2017.01.30 23:02:34.659,1.71411,1.71508,1.00,1.00
2017.01.30 23:02:35.447,1.71412,1.71504,1.00,1.00
2017.01.30 23:02:35.816,1.71421,1.71503,1.00,1.00
2017.01.30 23:02:36.216,1.71431,1.71505,1.00,1.00
2017.01.30 23:02:36.736,1.71432,1.71506,1.00,1.00
2017.01.30 23:02:37.361,1.71431,1.71506,1.00,1.00
2017.01.30 23:02:38.763,1.71432,1.71506,1.00,1.00
2017.01.30 23:02:38.813,1.71432,1.71508,1.00,1.50
2017.01.30 23:02:39.309,1.71422,1.71508,1.00,1.50
2017.01.30 23:02:39.662,1.71431,1.71508,1.00,1.50
2017.01.30 23:02:40.274,1.71432,1.71508,1.00,1.50
2017.01.30 23:02:44.342,1.71431,1.71508,1.00,1.00
2017.01.30 23:02:44.670,1.71432,1.71506,1.00,1.00
2017.01.30 23:02:46.582,1.71432,1.71505,1.00,1.00
2017.01.30 23:02:50.613,1.71432,1.71504,1.00,1.00
2017.01.30 23:02:51.116,1.71432,1.71505,1.00,1.00
2017.01.30 23:02:51.676,1.71432,1.71506,1.00,1.00
2017.01.30 23:02:52.166,1.71442,1.71507,1.00,1.50
2017.01.30 23:02:52.716,1.71432,1.71507,1.00,1.00
2017.01.30 23:02:58.072,1.71441,1.71507,1.00,1.00
2017.01.30 23:02:58.123,1.71432,1.71507,1.00,1.00
2017.01.30 23:02:59.017,1.71431,1.71507,1.00,1.50
2017.01.30 23:03:00.454,1.71442,1.71507,1.00,1.00
2017.01.30 23:03:02.556,1.71432,1.71507,1.00,1.00
2017.01.30 23:03:03.751,1.71431,1.71507,1.00,1.00
2017.01.30 23:03:04.861,1.71442,1.71507,1.00,1.00
2017.01.30 23:03:05.768,1.71441,1.71507,1.00,1.00
2017.01.30 23:03:05.868,1.71441,1.71509,1.00,1.00
2017.01.30 23:03:06.517,1.71442,1.71508,1.00,1.00
2017.01.30 23:03:07.518,1.71441,1.71509,1.00,1.00
2017.01.30 23:03:08.191,1.71451,1.7151,1.00,1.00
2017.01.30 23:03:08.516,1.71441,1.71509,1.00,1.00
2017.01.30 23:03:09.550,1.71441,1.71503,1.00,1.00
2017.01.30 23:03:10.312,1.71441,1.71501,1.00,1.00
2017.01.30 23:03:11.886,1.71441,1.715,1.00,1.00
2017.01.30 23:03:13.736,1.71432,1.715,1.00,1.00
2017.01.30 23:03:13.907,1.71432,1.71504,1.00,1.00
2017.01.30 23:03:15.853,1.71432,1.71505,1.00,1.00
2017.01.30 23:03:16.356,1.71431,1.71505,1.50,1.00
2017.01.30 23:03:17.608,1.71431,1.71503,1.00,1.00
2017.01.30 23:03:17.967,1.71421,1.71492,1.00,1.00
2017.01.30 23:03:18.269,1.71421,1.7149,1.00,1.00
2017.01.30 23:03:20.088,1.71421,1.71491,1.00,1.00
2017.01.30 23:03:21.799,1.71421,1.71489,1.00,1.00
2017.01.30 23:03:22.080,1.71421,1.71491,1.00,1.00
2017.01.30 23:03:23.772,1.71422,1.71489,1.00,1.00
2017.01.30 23:03:24.392,1.71422,1.71485,1.00,1.00
2017.01.30 23:03:25.050,1.71421,1.71485,1.00,1.00
2017.01.30 23:03:29.519,1.71422,1.71485,1.00,1.00
2017.01.30 23:03:33.287,1.71422,1.71484,1.00,1.00
2017.01.30 23:03:34.966,1.71421,1.71484,1.00,1.00
2017.01.30 23:03:35.933,1.71421,1.71487,1.00,1.00
2017.01.30 23:03:36.034,1.71431,1.71486,1.00,1.00
2017.01.30 23:03:36.599,1.71432,1.71487,1.00,1.00
2017.01.30 23:03:37.136,1.71421,1.71481,1.00,1.00
2017.01.30 23:03:37.238,1.71412,1.71478,1.00,1.00
2017.01.30 23:03:39.018,1.71422,1.71482,1.00,1.00
2017.01.30 23:03:39.220,1.71412,1.7148,1.00,1.00
2017.01.30 23:03:39.270,1.71412,1.71478,1.00,1.00
2017.01.30 23:03:39.783,1.71412,1.71479,1.00,1.00
2017.01.30 23:03:43.632,1.71412,1.7148,1.00,1.00
2017.01.30 23:03:49.580,1.71412,1.71479,1.00,1.00
2017.01.30 23:03:49.913,1.71412,1.71473,1.00,1.00
2017.01.30 23:03:50.217,1.71411,1.71471,1.00,1.00
2017.01.30 23:03:51.800,1.71412,1.71471,1.00,1.00
2017.01.30 23:03:54.513,1.71412,1.71473,1.00,1.00
2017.01.30 23:03:54.864,1.71411,1.71478,1.00,1.00
2017.01.30 23:03:55.079,1.71417,1.71491,1.00,1.00
2017.01.30 23:03:56.645,1.71416,1.71488,1.00,1.00
2017.01.30 23:03:58.363,1.71414,1.71485,1.00,1.00
2017.01.30 23:03:58.464,1.71418,1.71491,1.00,1.50
2017.01.30 23:03:58.565,1.7142,1.71491,1.00,1.00
2017.01.30 23:04:00.866,1.71419,1.71493,1.00,1.00
2017.01.30 23:04:00.917,1.71422,1.71493,1.00,1.00
2017.01.30 23:04:03.994,1.71422,1.71495,1.50,1.00
2017.01.30 23:04:04.830,1.71422,1.71494,1.00,1.00
2017.01.30 23:04:05.336,1.71422,1.71495,1.50,1.00
2017.01.30 23:04:06.380,1.71422,1.71494,1.50,1.00
2017.01.30 23:04:06.986,1.71421,1.71494,1.50,1.00
2017.01.30 23:04:08.081,1.71422,1.71494,1.00,1.00
2017.01.30 23:04:08.727,1.71423,1.71496,1.00,1.00
2017.01.30 23:04:09.274,1.71422,1.71495,1.50,1.00
2017.01.30 23:04:09.892,1.71423,1.71496,1.00,1.00
2017.01.30 23:04:11.601,1.71422,1.71495,1.50,1.00
2017.01.30 23:04:12.219,1.71424,1.71495,1.00,1.00
2017.01.30 23:04:12.796,1.71423,1.71494,1.00,1.00
2017.01.30 23:04:21.624,1.71424,1.71495,1.00,1.00
2017.01.30 23:04:22.153,1.71422,1.71495,1.50,1.00
2017.01.30 23:04:22.488,1.71422,1.71493,1.50,1.00
2017.01.30 23:04:45.571,1.71423,1.71493,1.00,1.00
2017.01.30 23:04:54.574,1.71423,1.71496,1.00,1.00
2017.01.30 23:05:00.504,1.71431,1.71499,1.00,1.50
2017.01.30 23:05:01.045,1.71431,1.71498,1.00,1.00
2017.01.30 23:05:01.417,1.71431,1.71494,1.00,1.00
2017.01.30 23:05:01.918,1.71432,1.71495,1.00,1.00
2017.01.30 23:05:04.727,1.71432,1.71493,1.00,1.00
2017.01.30 23:05:04.828,1.71422,1.71492,1.00,1.00
2017.01.30 23:05:05.242,1.71431,1.7149,1.00,1.00
2017.01.30 23:05:05.397,1.71431,1.71492,1.00,1.00
2017.01.30 23:05:05.511,1.71421,1.71492,1.00,1.00
2017.01.30 23:05:10.295,1.71421,1.71491,1.00,1.00
2017.01.30 23:05:17.518,1.71419,1.71491,1.00,1.00
2017.01.30 23:05:22.666,1.71422,1.71491,1.00,1.00
2017.01.30 23:05:23.067,1.71419,1.71491,1.00,1.00
2017.01.30 23:05:23.707,1.7142,1.71491,1.00,1.00
2017.01.30 23:05:27.225,1.71421,1.71491,1.00,1.00
2017.01.30 23:05:27.937,1.71421,1.7149,1.00,1.00
2017.01.30 23:05:31.464,1.7142,1.7149,1.00,1.00
2017.01.30 23:05:34.279,1.7142,1.71491,1.00,1.00
2017.01.30 23:05:34.329,1.71418,1.71488,1.00,1.00
2017.01.30 23:05:35.152,1.71419,1.71488,1.00,1.00
2017.01.30 23:05:36.970,1.71418,1.71487,1.00,1.00
2017.01.30 23:05:37.121,1.71415,1.71485,1.00,1.00
2017.01.30 23:05:37.617,1.71413,1.71484,1.00,1.00
2017.01.30 23:05:37.667,1.71411,1.71479,1.00,1.00
2017.01.30 23:05:37.920,1.71411,1.71481,1.00,1.00
2017.01.30 23:05:45.488,1.71411,1.71479,1.00,1.00
2017.01.30 23:05:45.539,1.71408,1.71477,1.00,1.00
2017.01.30 23:05:51.592,1.71406,1.71475,1.00,1.00
2017.01.30 23:05:52.035,1.71406,1.71477,1.00,1.00
2017.01.30 23:05:55.130,1.71404,1.71474,1.00,1.00
2017.01.30 23:05:55.449,1.71403,1.71472,1.00,1.00
2017.01.30 23:05:55.751,1.71405,1.71474,1.00,1.00
2017.01.30 23:05:58.918,1.71407,1.71477,1.00,1.00
2017.01.30 23:05:59.019,1.71405,1.71476,1.00,1.00
2017.01.30 23:05:59.070,1.71407,1.71475,1.00,1.00
2017.01.30 23:05:59.120,1.71407,1.71477,1.00,1.00
2017.01.30 23:05:59.372,1.71405,1.71476,1.00,1.00
2017.01.30 23:06:00.499,1.71402,1.71473,1.00,1.00
2017.01.30 23:06:01.207,1.71401,1.71472,1.00,1.00
2017.01.30 23:06:02.757,1.71398,1.71468,1.00,1.00
2017.01.30 23:06:03.170,1.714,1.71469,1.00,1.00
2017.01.30 23:06:04.140,1.71399,1.71467,1.00,1.00
2017.01.30 23:06:05.048,1.71398,1.71467,1.00,1.00
2017.01.30 23:06:06.733,1.71392,1.7146,1.50,1.00
2017.01.30 23:06:06.784,1.71397,1.71466,1.00,1.00
2017.01.30 23:06:08.755,1.71399,1.71467,1.00,1.00
2017.01.30 23:06:09.274,1.714,1.71468,1.00,1.00
2017.01.30 23:06:09.932,1.71401,1.71469,1.00,1.00
2017.01.30 23:06:10.252,1.71399,1.71469,1.00,1.00
2017.01.30 23:06:10.792,1.71399,1.71467,1.00,1.00
2017.01.30 23:06:12.828,1.71397,1.71467,1.00,1.00
2017.01.30 23:06:14.746,1.71397,1.71465,1.00,1.00
2017.01.30 23:06:14.847,1.71394,1.71464,1.00,1.00
2017.01.30 23:06:15.035,1.71392,1.71452,1.00,1.00
2017.01.30 23:06:15.227,1.71392,1.71462,1.50,1.00
2017.01.30 23:06:15.516,1.71394,1.71462,1.00,1.00
2017.01.30 23:06:16.790,1.71392,1.71459,1.00,1.00
2017.01.30 23:06:17.382,1.71393,1.71461,1.00,1.00
2017.01.30 23:06:18.759,1.71392,1.71459,1.00,1.00
2017.01.30 23:06:18.857,1.71394,1.71464,1.00,1.00
2017.01.30 23:06:19.085,1.71394,1.71462,1.00,1.00
2017.01.30 23:06:19.236,1.71394,1.71464,1.00,1.00
2017.01.30 23:06:20.890,1.71393,1.71463,1.00,1.00
2017.01.30 23:06:22.802,1.71394,1.71462,1.00,1.00
2017.01.30 23:06:28.808,1.71394,1.71464,1.00,1.00
2017.01.30 23:06:28.858,1.71396,1.71464,1.00,1.00
2017.01.30 23:06:28.959,1.71404,1.71474,1.00,1.00
2017.01.30 23:06:29.010,1.71412,1.71478,1.00,1.00
2017.01.30 23:06:29.061,1.71413,1.7148,1.00,1.00
2017.01.30 23:06:29.162,1.71415,1.71485,1.00,1.00
2017.01.30 23:06:29.481,1.71414,1.71483,1.00,1.00
2017.01.30 23:06:30.755,1.71414,1.71484,1.00,1.00
2017.01.30 23:06:31.200,1.71416,1.71484,1.00,1.00
2017.01.30 23:06:33.330,1.71414,1.71485,1.00,1.00
2017.01.30 23:06:33.842,1.71414,1.71484,1.00,1.00
2017.01.30 23:06:34.802,1.71415,1.71482,1.00,1.00
2017.01.30 23:06:38.638,1.71415,1.71484,1.00,1.00
2017.01.30 23:06:38.689,1.71417,1.71484,1.00,1.00
2017.01.30 23:06:38.740,1.71417,1.71486,1.00,1.00
2017.01.30 23:06:38.851,1.71419,1.71487,1.00,1.00
2017.01.30 23:06:39.249,1.71418,1.71485,1.00,1.00
2017.01.30 23:06:39.817,1.71416,1.71486,1.00,1.00
2017.01.30 23:06:40.156,1.71418,1.71485,1.00,1.00
2017.01.30 23:06:40.481,1.71482,1.71532,1.00,1.00
2017.01.30 23:06:40.532,1.71481,1.7154,1.00,1.50
2017.01.30 23:06:40.633,1.71491,1.7154,1.00,1.00
2017.01.30 23:06:40.683,1.71491,1.7155,1.00,1.00
2017.01.30 23:06:40.734,1.71491,1.71552,1.00,1.00
2017.01.30 23:06:40.893,1.71492,1.71544,1.00,1.12
2017.01.30 23:06:40.943,1.71472,1.71542,1.00,1.00
2017.01.30 23:06:40.994,1.71472,1.7154,1.00,1.00
2017.01.30 23:06:41.045,1.71452,1.71536,1.00,1.00
2017.01.30 23:06:41.310,1.71452,1.71534,1.00,1.00
2017.01.30 23:06:41.646,1.71452,1.71532,1.00,1.00
2017.01.30 23:06:41.995,1.71451,1.71521,1.00,1.00
2017.01.30 23:06:47.158,1.71452,1.71521,1.00,1.00
2017.01.30 23:06:57.352,1.71452,1.71516,1.00,1.00
2017.01.30 23:06:57.453,1.71441,1.71516,1.00,1.00
2017.01.30 23:06:57.554,1.71441,1.71514,1.00,1.00
2017.01.30 23:07:00.017,1.71442,1.71514,1.00,1.00
2017.01.30 23:07:00.473,1.71442,1.71506,1.00,1.00
2017.01.30 23:07:03.121,1.71442,1.71505,1.00,1.00
2017.01.30 23:07:04.838,1.71442,1.71503,1.00,1.00
2017.01.30 23:07:06.298,1.71442,1.71505,1.00,1.00
2017.01.30 23:07:06.616,1.71452,1.71505,1.00,1.00
2017.01.30 23:07:06.950,1.71452,1.71507,1.00,1.00
2017.01.30 23:07:07.717,1.71451,1.71506,1.00,1.00
2017.01.30 23:07:08.235,1.71451,1.71505,1.00,1.00
2017.01.30 23:07:08.507,1.71451,1.71507,1.00,1.00
2017.01.30 23:07:11.871,1.71451,1.71504,1.00,1.00
2017.01.30 23:07:11.972,1.71441,1.71504,1.00,1.00
2017.01.30 23:07:12.022,1.71441,1.71502,1.00,1.00
2017.01.30 23:07:12.123,1.71441,1.71504,1.00,1.00
2017.01.30 23:07:12.889,1.71441,1.71502,1.00,1.00
2017.01.30 23:07:13.428,1.71441,1.71504,1.00,1.00
2017.01.30 23:07:13.971,1.71441,1.71505,1.00,1.00
2017.01.30 23:07:14.022,1.71451,1.71506,1.00,1.00
2017.01.30 23:07:14.853,1.71451,1.71507,1.00,1.00
2017.01.30 23:07:14.954,1.71442,1.71505,1.00,1.00
2017.01.30 23:07:15.166,1.71441,1.71502,1.00,1.00
2017.01.30 23:07:15.300,1.71441,1.71504,1.00,1.00
2017.01.30 23:07:15.451,1.71442,1.71502,1.00,1.00
2017.01.30 23:07:16.043,1.71441,1.71502,1.00,1.00
2017.01.30 23:07:17.150,1.71441,1.71498,1.00,1.00
2017.01.30 23:07:17.201,1.71441,1.71501,1.00,1.00
2017.01.30 23:07:17.966,1.71442,1.71501,1.00,1.00
2017.01.30 23:07:18.917,1.71441,1.71501,1.00,1.00
2017.01.30 23:07:22.794,1.71442,1.71501,1.00,1.00
2017.01.30 23:07:22.895,1.71442,1.71504,1.00,1.00
2017.01.30 23:07:22.996,1.71442,1.71506,1.00,1.00
2017.01.30 23:07:23.047,1.71442,1.71504,1.00,1.00
2017.01.30 23:07:23.703,1.71441,1.71504,1.00,1.00
2017.01.30 23:07:24.364,1.71442,1.71504,1.00,1.00
2017.01.30 23:07:24.589,1.71439,1.71504,1.00,1.00
2017.01.30 23:07:24.815,1.71441,1.71504,1.00,1.00
2017.01.30 23:07:26.547,1.71439,1.71504,1.00,1.00
2017.01.30 23:07:30.700,1.71438,1.71503,1.00,1.00
2017.01.30 23:07:30.751,1.71431,1.71491,1.00,1.00
2017.01.30 23:07:30.851,1.71432,1.71495,1.00,1.00
2017.01.30 23:07:30.902,1.71435,1.71501,1.00,1.00
2017.01.30 23:07:30.953,1.71431,1.71496,1.00,1.00
2017.01.30 23:07:31.277,1.71432,1.71491,1.00,1.00
2017.01.30 23:07:32.216,1.71431,1.71491,1.00,1.00
2017.01.30 23:07:33.518,1.71432,1.71491,1.00,1.00
2017.01.30 23:07:36.416,1.71431,1.71491,1.00,1.00
2017.01.30 23:07:38.268,1.71432,1.71485,1.00,1.00
2017.01.30 23:07:38.365,1.71432,1.71488,1.00,1.00
2017.01.30 23:07:38.673,1.71421,1.71481,1.00,1.00
2017.01.30 23:07:39.204,1.71421,1.7148,1.00,1.00
2017.01.30 23:07:40.017,1.71422,1.7148,1.00,1.00
2017.01.30 23:07:40.566,1.71411,1.71477,1.00,1.00
2017.01.30 23:07:40.755,1.71422,1.71474,1.00,1.00
2017.01.30 23:07:40.856,1.71412,1.71474,1.00,1.00
2017.01.30 23:07:41.581,1.71412,1.71473,1.00,1.00
2017.01.30 23:07:42.113,1.71411,1.71473,1.00,1.00
2017.01.30 23:07:45.262,1.71411,1.71474,1.00,1.00
2017.01.30 23:07:51.459,1.71411,1.71473,1.00,1.00
2017.01.30 23:07:51.510,1.71411,1.71471,1.00,1.00
2017.01.30 23:07:54.861,1.71412,1.71471,1.00,1.00
2017.01.30 23:07:55.517,1.71411,1.71471,1.00,1.00
2017.01.30 23:07:59.029,1.71412,1.71471,1.00,1.00
2017.01.30 23:07:59.688,1.71412,1.71473,1.00,1.00
2017.01.30 23:08:13.338,1.71411,1.71473,1.00,1.00
2017.01.30 23:08:13.439,1.71421,1.71474,1.00,1.00
2017.01.30 23:08:13.540,1.71412,1.71475,1.00,1.00
2017.01.30 23:08:13.591,1.71412,1.71478,1.00,1.00
2017.01.30 23:08:13.641,1.71412,1.71476,1.00,1.00
2017.01.30 23:08:13.956,1.71412,1.71474,1.00,1.00
2017.01.30 23:08:14.541,1.71411,1.71474,1.00,1.00
2017.01.30 23:08:22.858,1.71411,1.71472,1.00,1.00
2017.01.30 23:08:27.362,1.71405,1.71472,1.00,1.00
2017.01.30 23:08:28.113,1.71405,1.71473,1.00,1.00
2017.01.30 23:08:30.746,1.71407,1.71472,1.00,1.00
2017.01.30 23:08:31.581,1.71405,1.71472,1.00,1.00
2017.01.30 23:08:32.480,1.71407,1.71472,1.00,1.00
2017.01.30 23:08:32.834,1.71412,1.71472,1.00,1.00
2017.01.30 23:08:33.381,1.71412,1.71473,1.00,1.00
2017.01.30 23:08:34.055,1.71412,1.71472,1.00,1.00
2017.01.30 23:08:35.426,1.71411,1.71472,1.00,1.00
2017.01.30 23:08:38.398,1.71412,1.71472,1.00,1.00
2017.01.30 23:08:39.909,1.71411,1.71472,1.00,1.00
2017.01.30 23:08:40.732,1.71412,1.71472,1.00,1.00
2017.01.30 23:08:43.450,1.71405,1.71472,1.00,1.00
2017.01.30 23:08:48.316,1.71412,1.71472,1.00,1.00
2017.01.30 23:08:48.689,1.71405,1.71472,1.00,1.00
2017.01.30 23:08:49.694,1.71412,1.71472,1.00,1.00
2017.01.30 23:08:49.957,1.71405,1.71472,1.00,1.00
2017.01.30 23:08:55.416,1.71412,1.71472,1.00,1.00
2017.01.30 23:09:01.147,1.71402,1.71466,1.00,1.00
2017.01.30 23:09:01.356,1.71412,1.71466,1.00,1.00
2017.01.30 23:09:01.999,1.71412,1.71465,1.00,1.00
2017.01.30 23:09:02.050,1.71412,1.71467,1.00,1.00
2017.01.30 23:09:02.962,1.71412,1.71468,1.00,1.00
2017.01.30 23:09:03.063,1.71412,1.7147,1.00,1.00
2017.01.30 23:09:03.646,1.71412,1.71478,1.00,1.00
2017.01.30 23:09:04.127,1.71421,1.71478,1.00,1.00
2017.01.30 23:09:04.474,1.71421,1.71476,1.00,1.00
2017.01.30 23:09:04.724,1.71412,1.71476,1.00,1.00
2017.01.30 23:09:16.162,1.71411,1.71476,1.00,1.00
2017.01.30 23:09:16.976,1.71411,1.71477,1.00,1.00
2017.01.30 23:09:19.539,1.71411,1.71474,1.00,1.00
2017.01.30 23:09:19.867,1.71412,1.71471,1.00,1.00
2017.01.30 23:09:19.918,1.71403,1.71468,1.00,1.00
2017.01.30 23:09:20.019,1.71402,1.71466,1.00,1.00
2017.01.30 23:09:26.369,1.71401,1.71468,1.50,1.00
2017.01.30 23:09:26.420,1.71397,1.71463,1.00,1.00
2017.01.30 23:09:26.722,1.71401,1.71462,1.00,1.00
2017.01.30 23:09:27.256,1.71401,1.71461,1.00,1.00
2017.01.30 23:09:29.648,1.71401,1.71462,1.00,1.00
2017.01.30 23:09:30.364,1.71401,1.71463,1.00,1.00
2017.01.30 23:09:30.666,1.71412,1.71463,1.00,1.00
2017.01.30 23:09:30.767,1.71412,1.71466,1.00,1.00
2017.01.30 23:09:31.178,1.71412,1.71475,1.00,1.00
2017.01.30 23:09:31.229,1.71422,1.71477,1.00,1.50
2017.01.30 23:09:31.553,1.71431,1.71489,1.00,1.00
2017.01.30 23:09:31.932,1.71422,1.71486,1.00,1.00
2017.01.30 23:09:32.385,1.71422,1.71483,1.00,1.00
2017.01.30 23:09:33.767,1.71418,1.71483,1.00,1.00
2017.01.30 23:09:33.868,1.71416,1.71483,1.00,1.00
2017.01.30 23:09:33.919,1.71414,1.71479,1.00,1.00
2017.01.30 23:09:34.019,1.71412,1.71479,1.00,1.00
2017.01.30 23:09:34.441,1.71411,1.71476,1.00,1.00
2017.01.30 23:09:34.743,1.71412,1.71463,1.00,1.00
2017.01.30 23:09:34.949,1.71411,1.71469,1.00,1.00
2017.01.30 23:09:35.473,1.71411,1.7147,1.00,1.00
2017.01.30 23:09:36.018,1.71411,1.71471,1.00,1.00
2017.01.30 23:09:37.053,1.71411,1.71473,1.00,1.00
2017.01.30 23:09:37.104,1.71411,1.71476,1.00,1.00
2017.01.30 23:09:37.260,1.71421,1.71482,1.00,1.00
2017.01.30 23:09:37.628,1.71426,1.7149,1.00,1.00
2017.01.30 23:09:37.729,1.71428,1.71488,1.00,1.00
2017.01.30 23:09:37.779,1.71431,1.71492,1.00,1.00
2017.01.30 23:09:37.830,1.71432,1.7149,1.00,1.00
2017.01.30 23:09:37.931,1.71424,1.71491,1.00,1.00
2017.01.30 23:09:38.133,1.71432,1.71491,1.00,1.00
2017.01.30 23:09:38.540,1.71432,1.71494,1.00,1.00
2017.01.30 23:09:39.069,1.71432,1.71493,1.00,1.00
2017.01.30 23:09:39.221,1.71432,1.71497,1.00,1.00
2017.01.30 23:09:39.272,1.71434,1.71501,1.00,1.00
2017.01.30 23:09:39.372,1.71436,1.71501,1.00,1.00
2017.01.30 23:09:39.423,1.71434,1.715,1.00,1.00
2017.01.30 23:09:39.904,1.71432,1.715,1.50,1.00
2017.01.30 23:09:40.408,1.71433,1.715,1.00,1.00
2017.01.30 23:09:41.774,1.71435,1.715,1.00,1.00
2017.01.30 23:09:43.190,1.71432,1.71491,1.00,1.00
2017.01.30 23:09:43.241,1.71421,1.71485,1.00,1.00
2017.01.30 23:09:43.312,1.71421,1.71483,1.00,1.00
2017.01.30 23:09:43.637,1.71422,1.71481,1.00,1.00
2017.01.30 23:09:43.945,1.71422,1.71479,1.00,1.00
2017.01.30 23:09:44.510,1.71421,1.71479,1.00,1.00
2017.01.30 23:09:47.655,1.71421,1.71484,1.00,1.00
2017.01.30 23:09:47.706,1.71421,1.71487,1.00,1.00
2017.01.30 23:09:47.756,1.71432,1.71487,1.00,1.00
2017.01.30 23:09:47.857,1.71432,1.71489,1.00,1.00
2017.01.30 23:09:47.958,1.71422,1.71489,1.50,1.00
2017.01.30 23:09:48.478,1.71422,1.71488,1.00,1.00
2017.01.30 23:09:52.596,1.71422,1.71487,1.50,1.00
2017.01.30 23:09:54.019,1.71421,1.71487,1.00,1.00
2017.01.30 23:09:55.265,1.71422,1.71487,1.00,1.00
2017.01.30 23:09:55.783,1.71421,1.71486,1.50,1.00
2017.01.30 23:09:55.884,1.71421,1.71482,1.00,1.00
2017.01.30 23:09:56.217,1.71415,1.7148,1.00,1.00
2017.01.30 23:09:57.008,1.71416,1.71481,1.00,1.00
2017.01.30 23:09:57.205,1.71421,1.71481,1.00,1.00
2017.01.30 23:09:57.897,1.71422,1.71481,1.00,1.00
2017.01.30 23:09:58.046,1.71422,1.71483,1.00,1.00
2017.01.30 23:09:58.765,1.71421,1.71483,1.00,1.00
2017.01.30 23:09:59.330,1.71422,1.71483,1.00,1.00
2017.01.30 23:10:00.317,1.71421,1.71483,1.00,1.00
2017.01.30 23:10:00.727,1.71416,1.71483,1.00,1.00
2017.01.30 23:10:00.828,1.71416,1.71481,1.00,1.00
2017.01.30 23:10:01.379,1.71416,1.71483,1.00,1.00
2017.01.30 23:10:01.547,1.71416,1.71481,1.00,1.00
2017.01.30 23:10:01.598,1.71414,1.71481,1.00,1.00
2017.01.30 23:10:02.169,1.71413,1.7148,1.00,1.00
2017.01.30 23:10:02.673,1.71414,1.7148,1.00,1.00
2017.01.30 23:10:03.379,1.71413,1.7148,1.00,1.00
2017.01.30 23:10:05.454,1.71412,1.71479,1.50,1.00
2017.01.30 23:10:05.596,1.71421,1.71479,1.00,1.00
2017.01.30 23:10:05.647,1.71412,1.71479,1.50,1.00
2017.01.30 23:10:05.910,1.71414,1.71479,1.00,1.00
2017.01.30 23:10:06.216,1.71432,1.71486,1.00,1.00
2017.01.30 23:10:06.995,1.71432,1.71488,1.00,1.00
2017.01.30 23:10:07.343,1.71432,1.71488,1.00,1.00
2017.01.30 23:10:07.934,1.71431,1.71488,1.00,1.00
2017.01.30 23:10:08.448,1.71432,1.71488,1.00,1.00
2017.01.30 23:10:09.603,1.71431,1.71488,1.00,1.00
2017.01.30 23:10:10.322,1.71431,1.71486,1.00,1.00
2017.01.30 23:10:10.535,1.71421,1.71486,1.00,1.00
2017.01.30 23:10:11.084,1.71421,1.71487,1.00,1.00
2017.01.30 23:10:11.674,1.71432,1.71487,1.00,1.00
2017.01.30 23:10:13.037,1.71431,1.71487,1.00,1.00
2017.01.30 23:10:13.378,1.71422,1.71487,1.00,1.00
2017.01.30 23:10:13.576,1.71431,1.71487,1.00,1.00
2017.01.30 23:10:14.093,1.71419,1.71484,1.00,1.00
2017.01.30 23:10:14.169,1.71417,1.71484,1.00,1.00
2017.01.30 23:10:14.758,1.71416,1.71484,1.00,1.00
2017.01.30 23:10:14.841,1.71418,1.71483,1.00,1.00
2017.01.30 23:10:15.208,1.71418,1.71485,1.00,1.00
2017.01.30 23:10:16.631,1.7142,1.71486,1.00,1.00
2017.01.30 23:10:16.732,1.71418,1.71485,1.00,1.00
2017.01.30 23:10:16.961,1.71422,1.71485,1.00,1.00
2017.01.30 23:10:17.346,1.71422,1.71473,1.00,1.00
2017.01.30 23:10:17.396,1.71412,1.7147,1.00,1.00
2017.01.30 23:10:17.548,1.71412,1.71475,1.00,1.00
2017.01.30 23:10:17.599,1.71412,1.71479,1.50,1.00
2017.01.30 23:10:17.649,1.71422,1.71479,1.00,1.00
2017.01.30 23:10:17.751,1.71422,1.71482,1.00,1.00
2017.01.30 23:10:17.801,1.71431,1.71483,1.00,1.00
2017.01.30 23:10:17.953,1.71416,1.71483,1.00,1.00
2017.01.30 23:10:18.054,1.71422,1.71482,1.00,1.00
2017.01.30 23:10:18.104,1.71418,1.71483,1.00,1.00
2017.01.30 23:10:18.155,1.71416,1.71483,1.00,1.00
2017.01.30 23:10:18.293,1.71418,1.71483,1.00,1.00
2017.01.30 23:10:18.513,1.71422,1.71489,1.50,1.00
2017.01.30 23:10:19.061,1.71423,1.71488,1.00,1.00
2017.01.30 23:10:19.111,1.71422,1.71486,1.00,1.00
2017.01.30 23:10:19.317,1.71419,1.71487,1.00,1.00
2017.01.30 23:10:19.745,1.71422,1.71487,1.00,1.00
2017.01.30 23:10:24.881,1.71421,1.71487,1.00,1.00
2017.01.30 23:10:25.274,1.71421,1.71484,1.00,1.00
2017.01.30 23:10:26.051,1.71421,1.71482,1.00,1.00
2017.01.30 23:10:26.817,1.71422,1.71482,1.00,1.00
2017.01.30 23:10:27.477,1.71421,1.71482,1.00,1.00
2017.01.30 23:10:28.423,1.71421,1.71484,1.00,1.00
2017.01.30 23:10:28.875,1.71412,1.71477,1.50,1.00
2017.01.30 23:10:28.925,1.71412,1.71475,1.00,1.00
2017.01.30 23:10:29.228,1.71411,1.71473,1.00,1.00
2017.01.30 23:10:29.678,1.71411,1.71475,1.00,1.00
2017.01.30 23:10:30.972,1.71411,1.71476,1.00,1.00
2017.01.30 23:10:31.527,1.71411,1.71477,1.00,1.00
2017.01.30 23:10:32.594,1.71411,1.71478,1.00,1.00
2017.01.30 23:10:35.390,1.71411,1.71475,1.00,1.00
2017.01.30 23:10:36.176,1.71411,1.71476,1.50,1.00
2017.01.30 23:10:36.837,1.7141,1.71475,1.00,1.00
2017.01.30 23:10:37.178,1.71411,1.71477,1.00,1.00
2017.01.30 23:10:37.561,1.71413,1.71478,1.00,1.00
2017.01.30 23:10:37.611,1.71414,1.7148,1.00,1.00
2017.01.30 23:10:42.308,1.71412,1.7148,1.00,1.00
2017.01.30 23:10:42.358,1.71414,1.7148,1.00,1.00
2017.01.30 23:10:42.528,1.71412,1.71479,1.00,1.00
2017.01.30 23:10:42.645,1.71421,1.71479,1.00,1.00
2017.01.30 23:10:42.796,1.71421,1.71481,1.00,1.00
2017.01.30 23:10:43.199,1.71422,1.71486,1.00,1.00
2017.01.30 23:10:43.725,1.71421,1.71487,1.00,1.00
2017.01.30 23:10:43.831,1.71424,1.71489,1.00,1.50
2017.01.30 23:10:43.982,1.71422,1.71488,1.50,1.50
2017.01.30 23:10:44.184,1.71421,1.71485,1.00,1.00
2017.01.30 23:10:44.491,1.71432,1.71487,1.00,1.00
2017.01.30 23:10:44.744,1.71441,1.71504,1.00,1.00
2017.01.30 23:10:45.211,1.71441,1.71502,1.00,1.00
2017.01.30 23:10:47.303,1.71441,1.71501,1.00,1.00
2017.01.30 23:10:47.455,1.71436,1.71503,1.00,1.00
2017.01.30 23:10:49.030,1.71441,1.71505,1.00,1.00
2017.01.30 23:10:49.131,1.71441,1.71507,1.00,1.00
2017.01.30 23:10:49.182,1.71441,1.71509,1.50,1.00
2017.01.30 23:10:50.435,1.71442,1.71509,1.00,1.00
2017.01.30 23:10:50.487,1.71451,1.71511,1.00,1.00
2017.01.30 23:10:50.539,1.71444,1.71511,1.00,1.00
2017.01.30 23:10:51.170,1.71444,1.7151,1.00,1.00
2017.01.30 23:10:52.540,1.71443,1.71512,1.00,1.00
2017.01.30 23:10:52.591,1.71444,1.7151,1.00,1.00
2017.01.30 23:10:53.102,1.71444,1.71508,1.00,1.00
2017.01.30 23:10:53.615,1.71443,1.71508,1.00,1.50
2017.01.30 23:10:54.021,1.71441,1.71509,1.50,1.00
2017.01.30 23:10:54.771,1.71442,1.71509,1.00,1.00
2017.01.30 23:10:54.833,1.71451,1.71507,1.00,1.00
2017.01.30 23:10:54.964,1.71451,1.71514,1.00,1.00
2017.01.30 23:10:57.579,1.71451,1.71512,1.00,1.00
2017.01.30 23:10:59.486,1.71451,1.71514,1.00,1.00
2017.01.30 23:10:59.587,1.71446,1.71508,1.00,1.00
2017.01.30 23:11:00.241,1.71447,1.71508,1.00,1.00
2017.01.30 23:11:00.801,1.71446,1.71508,1.00,1.00
2017.01.30 23:11:01.092,1.71443,1.71508,1.00,1.00
2017.01.30 23:11:01.158,1.71446,1.71508,1.00,1.00
2017.01.30 23:11:01.803,1.71446,1.71509,1.00,1.00
2017.01.30 23:11:02.470,1.71444,1.71508,1.00,1.00
2017.01.30 23:11:02.695,1.71446,1.71508,1.00,1.00
2017.01.30 23:11:03.153,1.71443,1.71508,1.00,1.00
2017.01.30 23:11:03.764,1.71437,1.71498,1.00,1.00
2017.01.30 23:11:04.006,1.71432,1.71496,1.00,1.00
2017.01.30 23:11:04.057,1.71432,1.71494,1.00,1.00
2017.01.30 23:11:04.158,1.71431,1.71497,1.00,1.00
2017.01.30 23:11:04.259,1.71442,1.71498,1.00,1.00
2017.01.30 23:11:04.416,1.71433,1.71498,1.00,1.50
2017.01.30 23:11:04.922,1.71432,1.71498,1.50,1.50
2017.01.30 23:11:05.539,1.71432,1.71497,1.50,1.00
2017.01.30 23:11:05.691,1.71432,1.71492,1.00,1.00
2017.01.30 23:11:05.758,1.71423,1.71488,1.00,1.00
2017.01.30 23:11:05.909,1.71431,1.71489,1.00,1.00
2017.01.30 23:11:05.960,1.71423,1.71489,1.00,1.00
2017.01.30 23:11:06.011,1.71421,1.71486,1.00,1.00
2017.01.30 23:11:06.312,1.71422,1.71483,1.00,1.00
2017.01.30 23:11:06.363,1.71411,1.71478,1.50,1.00
2017.01.30 23:11:06.414,1.71413,1.7148,1.00,1.00
2017.01.30 23:11:06.741,1.71422,1.71481,1.00,1.00
2017.01.30 23:11:06.792,1.71422,1.71483,1.00,1.00
2017.01.30 23:11:07.555,1.71422,1.71482,1.00,1.00
2017.01.30 23:11:09.178,1.71422,1.71484,1.00,1.00
2017.01.30 23:11:09.229,1.71422,1.71487,1.00,1.00
2017.01.30 23:11:09.330,1.71431,1.71487,1.00,1.00
2017.01.30 23:11:09.534,1.71431,1.7149,1.00,1.00
2017.01.30 23:11:10.399,1.71431,1.71491,1.00,1.00
2017.01.30 23:11:10.751,1.71423,1.7149,1.00,1.00
2017.01.30 23:11:11.392,1.71426,1.71491,1.00,1.00
2017.01.30 23:11:11.881,1.71431,1.71496,1.00,1.00
2017.01.30 23:11:12.234,1.71431,1.71491,1.00,1.00
2017.01.30 23:11:12.335,1.71423,1.7149,1.00,1.00
2017.01.30 23:11:12.872,1.71424,1.71491,1.00,1.00
2017.01.30 23:11:13.367,1.71427,1.71492,1.00,1.00
2017.01.30 23:11:13.669,1.71424,1.71491,1.00,1.00
2017.01.30 23:11:13.791,1.71423,1.71488,1.00,1.00
2017.01.30 23:11:14.137,1.71425,1.7149,1.00,1.00
2017.01.30 23:11:14.461,1.71422,1.71482,1.00,1.00
2017.01.30 23:11:14.640,1.71422,1.71484,1.00,1.00
2017.01.30 23:11:14.834,1.71422,1.71482,1.00,1.00
2017.01.30 23:11:15.300,1.71422,1.7148,1.00,1.00
2017.01.30 23:11:15.840,1.71422,1.71482,1.00,1.00
2017.01.30 23:11:16.498,1.71421,1.71482,1.00,1.00
2017.01.30 23:11:16.549,1.71421,1.7148,1.00,1.00
2017.01.30 23:11:17.277,1.71422,1.71481,1.00,1.00
2017.01.30 23:11:17.941,1.71422,1.71482,1.00,1.00
2017.01.30 23:11:18.651,1.71422,1.71481,1.00,1.00
2017.01.30 23:11:19.260,1.71422,1.71482,1.00,1.00
2017.01.30 23:11:19.838,1.71422,1.7148,1.00,1.00
2017.01.30 23:11:20.352,1.71422,1.71481,1.00,1.00
2017.01.30 23:11:20.453,1.71432,1.71492,1.00,1.00
2017.01.30 23:11:20.655,1.71432,1.71495,1.00,1.00
2017.01.30 23:11:20.834,1.7143,1.71495,1.00,1.00
2017.01.30 23:11:20.885,1.71428,1.71494,1.00,1.00
2017.01.30 23:11:21.098,1.71425,1.71494,1.00,1.00
2017.01.30 23:11:21.149,1.71421,1.71485,1.00,1.00
2017.01.30 23:11:21.452,1.71431,1.71484,1.00,1.00
2017.01.30 23:11:21.553,1.71421,1.71484,1.00,1.00
2017.01.30 23:11:21.754,1.71432,1.71484,1.00,1.00
2017.01.30 23:11:22.417,1.71422,1.71484,1.00,1.00
2017.01.30 23:11:22.468,1.71422,1.71486,1.00,1.00
2017.01.30 23:11:23.717,1.71431,1.71486,1.00,1.00
2017.01.30 23:11:24.542,1.71431,1.71487,1.00,1.00
2017.01.30 23:11:25.252,1.71422,1.71487,1.00,1.00
2017.01.30 23:11:27.422,1.71432,1.71492,1.00,1.00
2017.01.30 23:11:27.522,1.71423,1.7149,1.00,1.00
2017.01.30 23:11:28.047,1.71422,1.71487,1.00,1.00
2017.01.30 23:11:28.554,1.71421,1.71486,1.00,1.00
2017.01.30 23:11:30.614,1.71422,1.71486,1.00,1.00
2017.01.30 23:11:30.740,1.71426,1.71491,1.00,1.00
2017.01.30 23:11:30.808,1.71423,1.7149,1.00,1.00
2017.01.30 23:11:30.858,1.71423,1.71488,1.00,1.00
2017.01.30 23:11:31.161,1.71421,1.71488,1.50,1.00
2017.01.30 23:11:31.262,1.71421,1.71486,1.00,1.00
2017.01.30 23:11:31.844,1.71422,1.71486,1.00,1.00
2017.01.30 23:11:31.959,1.71426,1.71491,1.00,1.00
2017.01.30 23:11:32.010,1.71428,1.71494,1.00,1.00
2017.01.30 23:11:32.061,1.7143,1.71497,1.00,1.00
2017.01.30 23:11:32.213,1.71428,1.71493,1.00,1.00
2017.01.30 23:11:32.514,1.71431,1.71493,1.00,1.00
2017.01.30 23:11:34.696,1.71432,1.71493,1.00,1.00
2017.01.30 23:11:35.035,1.71422,1.71488,1.50,1.00
2017.01.30 23:11:35.086,1.71424,1.71489,1.00,1.00
2017.01.30 23:11:35.355,1.71424,1.71491,1.00,1.00
2017.01.30 23:11:35.657,1.71432,1.71493,1.00,1.00
2017.01.30 23:11:35.959,1.71441,1.71495,1.00,1.00
2017.01.30 23:11:41.254,1.71441,1.71498,1.00,1.00
2017.01.30 23:11:41.355,1.71441,1.715,1.00,1.00
2017.01.30 23:11:42.840,1.71441,1.71501,1.00,1.00
2017.01.30 23:11:43.965,1.71433,1.71499,1.00,1.00
2017.01.30 23:11:44.256,1.71441,1.71501,1.00,1.00
2017.01.30 23:11:44.680,1.71441,1.71497,1.00,1.00
2017.01.30 23:11:45.199,1.71441,1.71496,1.00,1.00
2017.01.30 23:11:46.992,1.71441,1.71498,1.00,1.00
2017.01.30 23:11:47.767,1.71432,1.71498,1.00,1.50
2017.01.30 23:11:48.767,1.71441,1.71498,1.00,1.00
2017.01.30 23:11:49.517,1.71442,1.71498,1.00,1.00
2017.01.30 23:11:50.393,1.71442,1.71497,1.00,1.00
2017.01.30 23:11:50.971,1.71441,1.71496,1.00,1.00
2017.01.30 23:11:51.238,1.71442,1.715,1.00,1.00
2017.01.30 23:11:51.339,1.71441,1.71504,1.00,1.00
2017.01.30 23:11:51.542,1.71442,1.715,1.00,1.00
2017.01.30 23:11:51.744,1.71432,1.71495,1.00,1.00
2017.01.30 23:11:51.996,1.71432,1.71497,1.00,1.00
2017.01.30 23:11:52.047,1.71441,1.71497,1.00,1.00
2017.01.30 23:11:52.148,1.71441,1.71499,1.00,1.00
2017.01.30 23:11:52.950,1.71441,1.71498,1.00,1.00
2017.01.30 23:11:54.688,1.71441,1.71499,1.00,1.00
2017.01.30 23:11:55.263,1.71441,1.71498,1.00,1.00
2017.01.30 23:11:56.216,1.71442,1.71498,1.00,1.00
2017.01.30 23:11:56.267,1.71442,1.71491,1.00,1.00
2017.01.30 23:11:56.317,1.71442,1.71494,1.00,1.00
2017.01.30 23:11:56.418,1.71442,1.71492,1.00,1.00
2017.01.30 23:11:56.630,1.71431,1.71491,1.00,1.00
2017.01.30 23:11:57.008,1.71431,1.71493,1.00,1.00
2017.01.30 23:11:59.361,1.71441,1.71493,1.00,1.00
2017.01.30 23:11:59.412,1.71441,1.71495,1.00,1.00
2017.01.30 23:12:00.365,1.71431,1.71495,1.00,1.00
2017.01.30 23:12:00.679,1.71431,1.71497,1.00,1.00
2017.01.30 23:12:02.720,1.71431,1.71496,1.00,1.00
2017.01.30 23:12:02.770,1.71431,1.71494,1.00,1.00
2017.01.30 23:12:03.228,1.71432,1.71496,1.00,1.00
2017.01.30 23:12:03.831,1.71432,1.71497,1.50,1.00
2017.01.30 23:12:04.504,1.71432,1.71496,1.00,1.00
2017.01.30 23:12:05.699,1.71432,1.71498,1.00,1.00
2017.01.30 23:12:05.750,1.71442,1.71498,1.00,1.00
2017.01.30 23:12:05.882,1.71432,1.71495,1.00,1.00
2017.01.30 23:12:05.983,1.71432,1.71492,1.00,1.00
2017.01.30 23:12:06.085,1.71431,1.71495,1.00,1.00
2017.01.30 23:12:06.136,1.71431,1.71489,1.00,1.00
2017.01.30 23:12:06.438,1.71421,1.71484,1.00,1.00
2017.01.30 23:12:06.927,1.71431,1.71483,1.00,1.00
2017.01.30 23:12:07.060,1.71431,1.71485,1.00,1.00
2017.01.30 23:12:07.111,1.71431,1.71489,1.00,1.00
2017.01.30 23:12:07.162,1.71431,1.71491,1.00,1.00
2017.01.30 23:12:07.213,1.71431,1.71488,1.00,1.00
2017.01.30 23:12:07.786,1.71431,1.71493,1.00,1.00
2017.01.30 23:12:07.837,1.71441,1.71497,1.00,1.00
2017.01.30 23:12:07.989,1.71441,1.71499,1.00,1.00
2017.01.30 23:12:08.039,1.71441,1.71497,1.00,1.00
2017.01.30 23:12:08.569,1.71441,1.71496,1.00,1.00
2017.01.30 23:12:08.724,1.71431,1.71497,1.00,1.00
2017.01.30 23:12:09.415,1.71432,1.71497,1.00,1.00
2017.01.30 23:12:09.611,1.71432,1.71495,1.00,1.00
2017.01.30 23:12:10.169,1.71432,1.71496,1.00,1.00
2017.01.30 23:12:11.728,1.71432,1.71494,1.00,1.00
2017.01.30 23:12:12.126,1.71428,1.71493,1.00,1.00
2017.01.30 23:12:12.497,1.71421,1.71488,1.00,1.00
2017.01.30 23:12:12.547,1.71421,1.71485,1.00,1.00
2017.01.30 23:12:13.061,1.71422,1.71485,1.00,1.00
2017.01.30 23:12:14.665,1.71421,1.71484,1.00,1.00
2017.01.30 23:12:14.926,1.71422,1.71488,1.00,1.00
2017.01.30 23:12:15.027,1.71423,1.71491,1.00,1.00
2017.01.30 23:12:15.077,1.71426,1.71492,1.00,1.00
2017.01.30 23:12:15.400,1.71421,1.71487,1.00,1.00
2017.01.30 23:12:15.730,1.71431,1.71486,1.00,1.00
2017.01.30 23:12:16.228,1.71432,1.71488,1.00,1.00
2017.01.30 23:12:16.279,1.71432,1.7149,1.00,1.00
2017.01.30 23:12:16.330,1.71424,1.7149,1.00,1.00
2017.01.30 23:12:16.744,1.71423,1.71488,1.00,1.00
2017.01.30 23:12:17.232,1.71422,1.71485,1.00,1.00
2017.01.30 23:12:17.595,1.71421,1.71483,1.00,1.00
2017.01.30 23:12:17.646,1.71421,1.71485,1.00,1.00
2017.01.30 23:12:18.315,1.71421,1.71484,1.00,1.00
2017.01.30 23:12:18.668,1.71422,1.71482,1.00,1.00
2017.01.30 23:12:19.231,1.71421,1.71482,1.00,1.00
2017.01.30 23:12:19.830,1.71421,1.71481,1.00,1.00
2017.01.30 23:12:20.336,1.71422,1.71481,1.00,1.00
2017.01.30 23:12:20.879,1.71422,1.71482,1.00,1.00
2017.01.30 23:12:21.539,1.71421,1.71481,1.00,1.00
2017.01.30 23:12:22.268,1.71422,1.71481,1.00,1.00
2017.01.30 23:12:25.765,1.71415,1.71478,1.00,1.00
2017.01.30 23:12:26.094,1.71421,1.71481,1.00,1.00
2017.01.30 23:12:27.651,1.71422,1.71482,1.00,1.00
2017.01.30 23:12:27.702,1.71422,1.71484,1.00,1.00
2017.01.30 23:12:28.241,1.71422,1.71481,1.00,1.00
2017.01.30 23:12:28.791,1.71422,1.71482,1.00,1.00
2017.01.30 23:12:29.302,1.71422,1.71481,1.00,1.00
2017.01.30 23:12:32.024,1.71421,1.71481,1.00,1.00
2017.01.30 23:12:32.823,1.71422,1.71481,1.00,1.00
2017.01.30 23:12:41.830,1.71422,1.71482,1.00,1.00
2017.01.30 23:12:43.749,1.71426,1.71492,1.00,1.00
2017.01.30 23:12:43.859,1.71427,1.71494,1.00,1.00
2017.01.30 23:12:44.029,1.71432,1.71494,1.00,1.00
2017.01.30 23:12:44.790,1.71431,1.71497,1.50,1.00
2017.01.30 23:12:44.840,1.71435,1.71501,1.00,1.00
2017.01.30 23:12:45.161,1.71441,1.71498,1.00,1.00
2017.01.30 23:12:45.500,1.71432,1.71486,1.00,1.00
2017.01.30 23:12:45.915,1.71421,1.71486,1.00,1.00
2017.01.30 23:12:46.317,1.71432,1.71487,1.00,1.00
2017.01.30 23:12:46.446,1.71421,1.71485,1.00,1.00
2017.01.30 23:12:49.048,1.71421,1.71487,1.00,1.00
2017.01.30 23:12:50.461,1.71431,1.71487,1.00,1.00
2017.01.30 23:12:51.018,1.71432,1.71487,1.00,1.00
2017.01.30 23:12:51.342,1.71422,1.71486,1.00,1.00
2017.01.30 23:12:52.312,1.71421,1.71486,1.00,1.00
2017.01.30 23:12:53.391,1.71422,1.71486,1.00,1.00
2017.01.30 23:12:56.459,1.71421,1.71484,1.00,1.00
2017.01.30 23:12:56.824,1.71422,1.71481,1.00,1.00
2017.01.30 23:12:56.874,1.71422,1.71483,1.00,1.00
2017.01.30 23:12:57.523,1.71421,1.71483,1.00,1.00
2017.01.30 23:12:58.470,1.71421,1.71482,1.00,1.00
2017.01.30 23:13:00.891,1.71421,1.71484,1.00,1.00
2017.01.30 23:13:01.806,1.71421,1.71482,1.00,1.00
2017.01.30 23:13:02.970,1.71432,1.7149,1.00,1.00
2017.01.30 23:13:03.021,1.71432,1.71495,1.00,1.00
2017.01.30 23:13:03.619,1.71432,1.71496,1.00,1.00
2017.01.30 23:13:04.027,1.7143,1.71496,1.00,1.00
2017.01.30 23:13:04.546,1.71431,1.71497,1.00,1.00
2017.01.30 23:13:05.213,1.71431,1.71496,1.00,1.00
2017.01.30 23:13:05.767,1.71431,1.71497,1.50,1.00
2017.01.30 23:13:05.928,1.71431,1.71495,1.00,1.00
2017.01.30 23:13:06.245,1.71431,1.7149,1.00,1.00
2017.01.30 23:13:06.774,1.71431,1.71489,1.00,1.00
2017.01.30 23:13:08.140,1.71422,1.71485,1.00,1.00
2017.01.30 23:13:08.190,1.71422,1.71479,1.00,1.00
2017.01.30 23:13:08.443,1.71422,1.71481,1.00,1.00
2017.01.30 23:13:09.215,1.71421,1.71481,1.00,1.00
2017.01.30 23:13:10.449,1.71421,1.71482,1.00,1.00
2017.01.30 23:13:11.177,1.71422,1.71482,1.00,1.00
2017.01.30 23:13:13.516,1.71421,1.71483,1.00,1.00
2017.01.30 23:13:13.567,1.71424,1.71492,1.00,1.00
2017.01.30 23:13:13.669,1.71426,1.71491,1.00,1.00
2017.01.30 23:13:14.146,1.71421,1.71487,1.50,1.00
2017.01.30 23:13:14.239,1.71423,1.7149,1.00,1.00
2017.01.30 23:13:14.626,1.71422,1.71487,1.00,1.00
2017.01.30 23:13:14.955,1.71422,1.71483,1.00,1.00
2017.01.30 23:13:15.489,1.71422,1.71484,1.00,1.00
2017.01.30 23:13:15.817,1.71422,1.71482,1.00,1.00
2017.01.30 23:13:16.366,1.71421,1.71482,1.00,1.00
2017.01.30 23:13:16.528,1.71421,1.71484,1.00,1.00
2017.01.30 23:13:17.716,1.71421,1.71483,1.00,1.00
2017.01.30 23:13:19.853,1.71431,1.71483,1.00,1.00
2017.01.30 23:13:20.115,1.71421,1.71483,1.00,1.00
2017.01.30 23:13:20.166,1.71431,1.7149,1.00,1.00
2017.01.30 23:13:20.217,1.71432,1.71492,1.00,1.00
2017.01.30 23:13:20.369,1.71432,1.71495,1.00,1.00
2017.01.30 23:13:20.960,1.71432,1.71496,1.00,1.00
2017.01.30 23:13:21.011,1.71432,1.71492,1.00,1.00
2017.01.30 23:13:21.268,1.71421,1.71484,1.00,1.00
2017.01.30 23:13:21.369,1.71422,1.71482,1.00,1.00
2017.01.30 23:13:21.900,1.71422,1.71483,1.00,1.00
2017.01.30 23:13:22.213,1.71422,1.71485,1.00,1.00
2017.01.30 23:13:22.364,1.71422,1.71482,1.00,1.00
2017.01.30 23:13:22.890,1.71421,1.71483,1.00,1.00
2017.01.30 23:13:23.544,1.71421,1.71484,1.00,1.00
2017.01.30 23:13:25.093,1.71421,1.71485,1.00,1.00
2017.01.30 23:13:25.856,1.71422,1.71485,1.00,1.00
2017.01.30 23:13:26.445,1.71421,1.71485,1.00,1.00
2017.01.30 23:13:26.992,1.71421,1.71484,1.00,1.00
2017.01.30 23:13:34.632,1.71421,1.71483,1.00,1.00
2017.01.30 23:13:35.283,1.71421,1.71482,1.00,1.00
2017.01.30 23:13:36.761,1.71422,1.71483,1.00,1.00
2017.01.30 23:13:37.103,1.71431,1.71483,1.00,1.00
2017.01.30 23:13:37.154,1.71421,1.71483,1.00,1.00
2017.01.30 23:13:37.924,1.71422,1.71483,1.00,1.00
2017.01.30 23:13:40.726,1.71422,1.71484,1.00,1.00
2017.01.30 23:13:40.878,1.71422,1.71486,1.00,1.00
2017.01.30 23:13:41.028,1.71422,1.71483,1.00,1.00
2017.01.30 23:13:42.502,1.71422,1.71485,1.00,1.00
2017.01.30 23:13:42.679,1.71423,1.71491,1.00,1.00
2017.01.30 23:13:42.880,1.71422,1.71488,1.00,1.00
2017.01.30 23:13:43.183,1.71422,1.71484,1.00,1.00
2017.01.30 23:13:43.420,1.71421,1.71487,1.50,1.00
2017.01.30 23:13:43.951,1.71421,1.71488,1.50,1.00
2017.01.30 23:13:44.685,1.71426,1.71489,1.00,1.00
2017.01.30 23:13:44.736,1.71431,1.71496,1.50,1.00
2017.01.30 23:13:44.900,1.71428,1.71494,1.00,1.00
2017.01.30 23:13:46.041,1.71426,1.71494,1.00,1.00
2017.01.30 23:13:46.334,1.71423,1.71491,1.00,1.00
2017.01.30 23:13:46.690,1.71422,1.71489,1.00,1.00
2017.01.30 23:13:47.268,1.71441,1.71498,1.00,1.00
2017.01.30 23:13:47.552,1.71431,1.71498,1.00,1.00
2017.01.30 23:13:47.603,1.71431,1.71496,1.50,1.00
2017.01.30 23:13:47.754,1.71427,1.71493,1.00,1.00
2017.01.30 23:13:47.856,1.7143,1.71495,1.00,1.00
2017.01.30 23:13:48.365,1.7143,1.71496,1.00,1.00
2017.01.30 23:13:48.715,1.71425,1.7149,1.00,1.00
2017.01.30 23:13:49.311,1.71425,1.71492,1.00,1.00
2017.01.30 23:13:52.723,1.71424,1.71492,1.00,1.00
2017.01.30 23:13:55.330,1.71426,1.71492,1.00,1.00
2017.01.30 23:13:55.856,1.71425,1.71491,1.00,1.00
2017.01.30 23:13:57.814,1.71425,1.71493,1.00,1.00
2017.01.30 23:13:59.313,1.71427,1.71493,1.00,1.00
2017.01.30 23:14:01.348,1.71426,1.71492,1.00,1.00
2017.01.30 23:14:02.170,1.71426,1.71493,1.00,1.00
2017.01.30 23:14:03.420,1.71426,1.71494,1.00,1.00
2017.01.30 23:14:06.745,1.71429,1.71495,1.00,1.00
2017.01.30 23:14:07.831,1.71432,1.71495,1.00,1.00
2017.01.30 23:14:07.932,1.71438,1.71506,1.00,1.50
2017.01.30 23:14:08.033,1.7144,1.71506,1.00,1.00
2017.01.30 23:14:08.185,1.71436,1.71504,1.00,1.00
2017.01.30 23:14:08.236,1.71435,1.71501,1.00,1.00
2017.01.30 23:14:08.487,1.71426,1.71494,1.00,1.00
2017.01.30 23:14:08.700,1.71428,1.71496,1.00,1.00
2017.01.30 23:14:15.262,1.71431,1.71496,1.00,1.00
2017.01.30 23:14:15.781,1.71432,1.71496,1.00,1.00
2017.01.30 23:14:15.932,1.71442,1.71507,1.00,1.00
2017.01.30 23:14:16.033,1.71434,1.71502,1.00,1.00
2017.01.30 23:14:16.119,1.71431,1.71497,1.00,1.00
2017.01.30 23:14:24.268,1.71431,1.71495,1.00,1.00
2017.01.30 23:14:25.584,1.71432,1.71498,1.00,1.00
2017.01.30 23:14:25.634,1.71441,1.71504,1.00,1.00
2017.01.30 23:14:25.735,1.71434,1.71498,1.00,1.00
2017.01.30 23:14:25.940,1.71432,1.71497,1.00,1.00
2017.01.30 23:14:26.641,1.71432,1.71496,1.00,1.00
2017.01.30 23:14:26.692,1.71432,1.71494,1.00,1.00
2017.01.30 23:14:27.274,1.71432,1.71493,1.00,1.00
2017.01.30 23:14:29.447,1.71432,1.71492,1.00,1.00
2017.01.30 23:14:30.001,1.71431,1.71492,1.00,1.00
2017.01.30 23:14:30.051,1.71423,1.71491,1.00,1.00
2017.01.30 23:14:30.203,1.71428,1.71494,1.00,1.00
2017.01.30 23:14:30.990,1.71427,1.71495,1.00,1.00
2017.01.30 23:14:35.050,1.71424,1.71489,1.00,1.00
2017.01.30 23:14:35.608,1.71423,1.71489,1.00,1.00
2017.01.30 23:14:36.339,1.71432,1.71489,1.00,1.00
2017.01.30 23:14:36.948,1.71432,1.71488,1.00,1.00
2017.01.30 23:14:37.332,1.71423,1.71488,1.00,1.00
2017.01.30 23:14:39.316,1.71421,1.71488,1.00,1.00
2017.01.30 23:14:42.947,1.71422,1.71488,1.00,1.00
2017.01.30 23:14:44.378,1.71422,1.71489,1.00,1.00
2017.01.30 23:14:44.428,1.71424,1.71489,1.00,1.50
2017.01.30 23:14:44.756,1.71422,1.71489,1.00,1.00
2017.01.30 23:14:45.030,1.71431,1.71489,1.00,1.00
2017.01.30 23:14:45.559,1.71431,1.7149,1.00,1.00
2017.01.30 23:14:45.744,1.71431,1.71499,1.50,1.50
2017.01.30 23:14:45.795,1.71435,1.71502,1.00,1.00
2017.01.30 23:14:45.946,1.71433,1.71501,1.00,1.00
2017.01.30 23:14:47.123,1.71434,1.71499,1.00,1.00
2017.01.30 23:14:48.580,1.71433,1.71499,1.00,1.00
2017.01.30 23:14:48.979,1.7143,1.71495,1.00,1.00
2017.01.30 23:14:49.030,1.71427,1.71494,1.00,1.00
2017.01.30 23:14:49.584,1.71426,1.71494,1.00,1.00
2017.01.30 23:14:49.635,1.71429,1.71496,1.00,1.00
2017.01.30 23:14:49.946,1.71432,1.715,1.50,1.00
2017.01.30 23:14:50.610,1.71432,1.71499,1.00,1.00
2017.01.30 23:14:57.795,1.71432,1.71497,1.50,1.00
2017.01.30 23:14:58.968,1.71433,1.71498,1.00,1.00
2017.01.30 23:14:59.379,1.71432,1.71493,1.00,1.00
2017.01.30 23:14:59.531,1.71421,1.71483,1.00,1.00
2017.01.30 23:15:00.046,1.71421,1.71482,1.00,1.00
2017.01.30 23:15:00.721,1.71422,1.71482,1.00,1.00
2017.01.30 23:15:00.771,1.71422,1.71479,1.00,1.00
2017.01.30 23:15:01.283,1.71422,1.71482,1.00,1.50
2017.01.30 23:15:01.804,1.71421,1.71483,1.00,1.00
2017.01.30 23:15:02.311,1.71431,1.71491,1.00,1.00
2017.01.30 23:15:02.412,1.71431,1.71497,1.50,1.00
2017.01.30 23:15:02.816,1.71432,1.71495,1.00,1.00
2017.01.30 23:15:03.122,1.71441,1.71492,1.00,1.00
2017.01.30 23:15:03.223,1.71441,1.71494,1.00,1.00
2017.01.30 23:15:04.217,1.71441,1.71493,1.00,1.00
2017.01.30 23:15:04.372,1.71431,1.71494,1.00,1.00
2017.01.30 23:15:04.500,1.71431,1.71492,1.00,1.00
2017.01.30 23:15:04.803,1.71432,1.7149,1.00,1.00
2017.01.30 23:15:05.004,1.71432,1.71492,1.00,1.00
2017.01.30 23:15:06.017,1.71432,1.71491,1.00,1.00
2017.01.30 23:15:06.247,1.71432,1.71489,1.00,1.00
2017.01.30 23:15:07.232,1.71432,1.71488,1.00,1.00
2017.01.30 23:15:07.878,1.71432,1.71487,1.00,1.00
2017.01.30 23:15:09.460,1.71432,1.71488,1.00,1.00
2017.01.30 23:15:10.016,1.71424,1.71489,1.00,1.00
2017.01.30 23:15:10.218,1.71422,1.71487,1.00,1.00
2017.01.30 23:15:10.960,1.71432,1.71487,1.00,1.00
2017.01.30 23:15:11.061,1.71432,1.71489,1.00,1.00
2017.01.30 23:15:11.112,1.71432,1.71491,1.00,1.00
2017.01.30 23:15:11.443,1.71432,1.71493,1.00,1.00
2017.01.30 23:15:11.831,1.71432,1.71495,1.00,1.00
2017.01.30 23:15:12.326,1.71425,1.71492,1.00,1.00
2017.01.30 23:15:12.529,1.71423,1.7149,1.50,1.00
2017.01.30 23:15:12.841,1.71421,1.71484,1.00,1.00
2017.01.30 23:15:12.942,1.71422,1.71486,1.50,1.00
2017.01.30 23:15:13.043,1.71422,1.71489,1.50,1.50
2017.01.30 23:15:14.578,1.71422,1.71488,1.00,1.00
2017.01.30 23:15:14.628,1.71421,1.71482,1.00,1.00
2017.01.30 23:15:14.999,1.71422,1.71484,1.00,1.50
2017.01.30 23:15:15.468,1.71422,1.71486,1.50,1.00
2017.01.30 23:15:16.036,1.71422,1.71487,1.50,1.00
2017.01.30 23:15:16.314,1.71422,1.71485,1.00,1.00
2017.01.30 23:15:17.128,1.71422,1.71484,1.00,1.00
2017.01.30 23:15:17.380,1.71421,1.71486,1.00,1.50
2017.01.30 23:15:17.481,1.71421,1.71484,1.00,1.00
2017.01.30 23:15:17.532,1.71421,1.71486,1.00,1.50
2017.01.30 23:15:19.907,1.71422,1.71483,1.00,1.00
2017.01.30 23:15:20.058,1.71416,1.71481,1.00,1.50
2017.01.30 23:15:20.260,1.71421,1.71481,1.00,1.50
2017.01.30 23:15:20.631,1.71421,1.71483,1.00,1.50
2017.01.30 23:15:20.914,1.71416,1.71483,1.00,1.50
2017.01.30 23:15:21.542,1.71431,1.71483,1.00,1.00
2017.01.30 23:15:24.895,1.71431,1.71482,1.00,1.00
2017.01.30 23:15:25.044,1.71431,1.71484,1.00,1.00
2017.01.30 23:15:27.837,1.71431,1.71482,1.00,1.00
2017.01.30 23:15:32.615,1.71421,1.71482,1.00,1.00
2017.01.30 23:15:33.615,1.71431,1.71482,1.00,1.00
2017.01.30 23:15:34.103,1.71431,1.71484,1.00,1.50
2017.01.30 23:15:37.397,1.71431,1.71485,1.00,1.00
2017.01.30 23:15:38.085,1.71431,1.71486,1.00,1.00
2017.01.30 23:15:41.327,1.71431,1.71485,1.00,1.00
2017.01.30 23:15:42.143,1.71431,1.71484,1.00,1.00
2017.01.30 23:15:45.816,1.71452,1.71486,1.00,1.00
2017.01.30 23:15:45.867,1.71452,1.71497,1.00,1.00
2017.01.30 23:15:45.968,1.71452,1.71502,1.00,1.00
2017.01.30 23:15:46.129,1.71437,1.71499,1.00,1.00
2017.01.30 23:15:46.230,1.71437,1.71497,1.00,1.00
2017.01.30 23:15:46.305,1.71432,1.71494,1.00,1.00
2017.01.30 23:15:46.700,1.71432,1.71492,1.00,1.00
2017.01.30 23:15:47.424,1.71432,1.71491,1.00,1.00
2017.01.30 23:15:49.081,1.71432,1.71489,1.00,1.00
2017.01.30 23:15:49.194,1.71432,1.71491,1.00,1.00
2017.01.30 23:15:55.083,1.71432,1.7149,1.00,1.00
2017.01.30 23:15:55.660,1.71431,1.71493,1.00,1.00
2017.01.30 23:15:55.761,1.71442,1.71498,1.00,1.00
2017.01.30 23:15:55.811,1.71442,1.71502,1.00,1.00
2017.01.30 23:15:55.863,1.71441,1.71504,1.00,1.50
2017.01.30 23:15:56.232,1.71451,1.71503,1.00,1.50
2017.01.30 23:15:56.714,1.71442,1.71503,1.00,1.00
2017.01.30 23:15:58.035,1.71442,1.71502,1.00,1.00
2017.01.30 23:16:00.526,1.71451,1.71504,1.00,1.50
2017.01.30 23:16:00.915,1.71441,1.71503,1.00,1.00
2017.01.30 23:16:05.049,1.71442,1.71503,1.00,1.00
2017.01.30 23:16:05.247,1.71452,1.71503,1.00,1.00
2017.01.30 23:16:05.430,1.71442,1.71503,1.00,1.00
2017.01.30 23:16:05.769,1.71452,1.71502,1.00,1.00
2017.01.30 23:16:06.014,1.71442,1.71502,1.00,1.00
2017.01.30 23:16:06.705,1.71441,1.71502,1.00,1.00
2017.01.30 23:16:07.363,1.71441,1.71503,1.00,1.00
2017.01.30 23:16:11.742,1.71442,1.71504,1.00,1.00
2017.01.30 23:16:11.994,1.71442,1.71506,1.00,1.00
2017.01.30 23:16:13.849,1.71442,1.71504,1.00,1.00
2017.01.30 23:16:14.419,1.71441,1.71503,1.00,1.00
2017.01.30 23:16:15.080,1.71441,1.71504,1.00,1.00
2017.01.30 23:16:15.710,1.71441,1.715,1.00,1.00
2017.01.30 23:16:20.228,1.71441,1.71501,1.00,1.50
2017.01.30 23:16:21.192,1.71442,1.71501,1.00,1.00
2017.01.30 23:16:22.266,1.71451,1.71501,1.00,1.00
2017.01.30 23:16:24.240,1.71451,1.71502,1.00,1.00
2017.01.30 23:16:24.439,1.71451,1.71512,1.00,1.50
2017.01.30 23:16:25.050,1.71451,1.71513,1.00,1.00
2017.01.30 23:16:27.941,1.71461,1.71513,1.00,1.50
2017.01.30 23:16:28.680,1.71461,1.71514,1.00,1.50
2017.01.30 23:16:28.926,1.71452,1.7151,1.00,1.50
2017.01.30 23:16:29.027,1.71451,1.71506,1.00,1.00
2017.01.30 23:16:29.565,1.71451,1.71505,1.00,1.00
2017.01.30 23:16:29.615,1.71451,1.71507,1.00,1.50
2017.01.30 23:16:33.929,1.71451,1.71505,1.00,1.00
2017.01.30 23:16:35.879,1.71451,1.71506,1.00,1.00
2017.01.30 23:16:44.481,1.71451,1.71509,1.00,1.50
2017.01.30 23:16:45.065,1.71451,1.7151,1.00,1.00
2017.01.30 23:16:50.170,1.71452,1.71507,1.00,1.00
2017.01.30 23:16:50.793,1.71452,1.71508,1.00,1.50
2017.01.30 23:16:51.157,1.71452,1.71506,1.00,1.00
2017.01.30 23:16:52.414,1.71462,1.71506,1.00,1.00
2017.01.30 23:16:53.239,1.71462,1.71507,1.00,1.50
2017.01.30 23:16:58.115,1.71452,1.71507,1.00,1.50
2017.01.30 23:16:58.728,1.71452,1.71506,1.00,1.00
2017.01.30 23:17:00.739,1.71451,1.71503,1.00,1.00
2017.01.30 23:17:01.368,1.71442,1.71498,1.00,1.00
2017.01.30 23:17:02.863,1.71451,1.71503,1.00,1.00
2017.01.30 23:17:04.860,1.71451,1.71501,1.00,1.00
2017.01.30 23:17:04.916,1.71442,1.71501,1.00,1.00
2017.01.30 23:17:05.501,1.71441,1.71501,1.00,1.00
2017.01.30 23:17:10.666,1.71441,1.71502,1.00,1.00
2017.01.30 23:17:17.663,1.71451,1.71503,1.00,1.00
2017.01.30 23:17:17.965,1.71462,1.71511,1.00,1.00
2017.01.30 23:17:18.016,1.71451,1.71511,1.00,1.00
2017.01.30 23:17:20.286,1.71451,1.71512,1.00,1.00
2017.01.30 23:17:30.844,1.71452,1.71508,1.00,1.00
2017.01.30 23:17:31.147,1.71461,1.71511,1.00,1.00
2017.01.30 23:17:47.343,1.71461,1.71513,1.00,1.00
2017.01.30 23:17:47.444,1.71464,1.71515,1.00,1.00
2017.01.30 23:17:47.494,1.71472,1.71526,1.00,1.37
2017.01.30 23:17:47.985,1.71472,1.71523,1.00,1.00
2017.01.30 23:17:48.036,1.71462,1.71519,1.00,1.00
2017.01.30 23:17:48.613,1.71461,1.71519,1.50,1.00
2017.01.30 23:17:48.851,1.71472,1.71528,1.00,2.25
2017.01.30 23:17:49.003,1.71471,1.71532,1.00,1.00
2017.01.30 23:17:49.577,1.71471,1.71529,1.00,1.50
2017.01.30 23:17:49.719,1.71466,1.71525,1.00,1.00
2017.01.30 23:17:49.821,1.71461,1.71522,1.00,1.00
2017.01.30 23:17:49.872,1.71459,1.71522,1.00,1.00
2017.01.30 23:17:49.923,1.71457,1.71521,1.50,1.00
2017.01.30 23:17:49.974,1.71457,1.71519,1.50,1.00
2017.01.30 23:17:50.276,1.71452,1.7151,1.00,1.00
2017.01.30 23:17:50.592,1.71452,1.71507,1.00,1.00
2017.01.30 23:17:51.095,1.71452,1.71508,1.00,1.00
2017.01.30 23:17:51.146,1.71445,1.71508,1.00,1.50
2017.01.30 23:17:51.248,1.71444,1.71506,1.00,1.00
2017.01.30 23:17:51.568,1.71444,1.71508,1.00,1.00
2017.01.30 23:17:51.619,1.71445,1.71506,1.00,1.00
2017.01.30 23:17:51.669,1.71443,1.71507,1.50,1.00
2017.01.30 23:17:51.720,1.71443,1.71501,1.00,1.00
2017.01.30 23:17:51.989,1.71441,1.71501,1.00,1.00
2017.01.30 23:17:53.297,1.71441,1.71503,1.00,1.00
2017.01.30 23:17:53.348,1.71445,1.71504,1.00,1.00
2017.01.30 23:17:53.399,1.71444,1.71508,1.00,1.00
2017.01.30 23:17:53.500,1.71444,1.71511,1.00,1.00
2017.01.30 23:17:53.665,1.71451,1.71511,1.00,1.00
2017.01.30 23:17:53.817,1.71445,1.71515,1.00,1.12
2017.01.30 23:17:53.918,1.71445,1.7151,1.00,1.00
2017.01.30 23:17:54.220,1.71451,1.71511,1.00,1.37
2017.01.30 23:17:54.724,1.71452,1.71509,1.00,1.12
2017.01.30 23:17:55.273,1.71451,1.71509,1.00,1.12
2017.01.30 23:17:55.887,1.71451,1.71512,1.00,1.00
2017.01.30 23:17:56.682,1.71451,1.71512,1.00,1.37
2017.01.30 23:17:57.212,1.71451,1.71511,1.00,1.00
2017.01.30 23:17:57.442,1.71451,1.71514,1.00,1.00
2017.01.30 23:17:57.493,1.71451,1.7151,1.00,1.00
2017.01.30 23:17:58.930,1.71451,1.71511,1.00,1.00
2017.01.30 23:17:59.497,1.71451,1.71514,1.00,1.12
2017.01.30 23:18:00.943,1.71452,1.71515,1.00,1.37
2017.01.30 23:18:01.126,1.71451,1.71515,1.00,1.37
2017.01.30 23:18:01.227,1.71441,1.71515,1.00,1.37
2017.01.30 23:18:01.328,1.71441,1.7151,1.00,1.12
2017.01.30 23:18:01.630,1.71432,1.71507,1.00,1.87
2017.01.30 23:18:02.574,1.71432,1.71503,1.00,1.00
2017.01.30 23:18:04.115,1.71442,1.71503,1.00,1.12
2017.01.30 23:18:04.286,1.71431,1.71503,1.00,1.12
2017.01.30 23:18:05.457,1.71432,1.71503,1.00,1.12
2017.01.30 23:18:13.351,1.71435,1.71496,1.00,1.00
2017.01.30 23:18:14.912,1.71435,1.71498,1.00,1.00
2017.01.30 23:18:15.878,1.71435,1.71496,1.00,1.00
2017.01.30 23:18:16.466,1.71435,1.71497,1.00,1.00
2017.01.30 23:18:17.085,1.71438,1.71499,1.00,1.00
2017.01.30 23:18:17.388,1.71462,1.7151,1.00,1.00
2017.01.30 23:18:17.539,1.71452,1.71509,1.00,1.00
2017.01.30 23:18:18.135,1.71452,1.71508,1.00,1.00
2017.01.30 23:18:18.187,1.71462,1.7151,1.00,1.00
2017.01.30 23:18:18.238,1.71451,1.71512,1.00,1.00
2017.01.30 23:18:18.289,1.71451,1.7151,1.00,1.00
2017.01.30 23:18:18.689,1.71462,1.71511,1.00,1.00
2017.01.30 23:18:19.222,1.71462,1.7151,1.00,1.00
2017.01.30 23:18:19.623,1.71451,1.71509,1.00,1.00
2017.01.30 23:18:19.770,1.71462,1.71509,1.00,1.00
2017.01.30 23:18:19.871,1.71462,1.71511,1.00,1.00
2017.01.30 23:18:20.391,1.71462,1.71512,1.00,1.00
2017.01.30 23:18:20.543,1.71451,1.71511,1.00,1.00
2017.01.30 23:18:20.644,1.71451,1.71509,1.00,1.00
2017.01.30 23:18:20.845,1.71452,1.71511,1.00,1.00
2017.01.30 23:18:20.896,1.71454,1.71515,1.00,1.00
2017.01.30 23:18:20.947,1.71452,1.71512,1.00,1.00
2017.01.30 23:18:20.997,1.71452,1.71514,1.00,1.00
2017.01.30 23:18:21.149,1.71462,1.7151,1.00,1.00
2017.01.30 23:18:21.199,1.71462,1.71513,1.00,1.00
2017.01.30 23:18:21.740,1.71462,1.71512,1.00,1.00
2017.01.30 23:18:22.252,1.71462,1.71513,1.00,1.00
2017.01.30 23:18:22.303,1.71462,1.71515,1.00,1.00
2017.01.30 23:18:22.404,1.71462,1.71513,1.00,1.00
2017.01.30 23:18:22.810,1.71462,1.7151,1.00,1.00
2017.01.30 23:18:22.862,1.71452,1.71511,1.00,1.00
2017.01.30 23:18:22.913,1.71452,1.71513,1.50,1.00
2017.01.30 23:18:22.964,1.71453,1.71516,1.00,1.00
2017.01.30 23:18:23.065,1.71455,1.71518,1.00,1.00
2017.01.30 23:18:23.428,1.71455,1.71516,1.00,1.00
2017.01.30 23:18:23.732,1.71452,1.71513,1.50,1.00
2017.01.30 23:18:24.693,1.71452,1.71515,1.00,1.00
2017.01.30 23:18:25.475,1.71453,1.71515,1.00,1.00
2017.01.30 23:18:28.689,1.71452,1.71514,1.50,1.00
2017.01.30 23:18:29.204,1.71456,1.71517,1.00,1.00
2017.01.30 23:18:29.507,1.71461,1.71521,1.00,1.00
2017.01.30 23:18:29.557,1.71461,1.71523,1.00,1.00
2017.01.30 23:18:30.094,1.71461,1.71522,1.00,1.00
2017.01.30 23:18:32.333,1.71462,1.71523,1.00,1.00
2017.01.30 23:18:35.117,1.71462,1.71523,1.00,1.00
2017.01.30 23:18:38.110,1.71462,1.71522,1.00,1.00
2017.01.30 23:18:38.698,1.71461,1.71522,1.00,1.00
2017.01.30 23:18:39.358,1.71462,1.71522,1.00,1.00
2017.01.30 23:18:40.315,1.71461,1.71522,1.00,1.00
2017.01.30 23:18:41.008,1.71462,1.71522,1.00,1.00
2017.01.30 23:18:42.531,1.71462,1.71523,1.00,1.00
2017.01.30 23:18:43.059,1.71462,1.71522,1.00,1.00
2017.01.30 23:18:44.264,1.71461,1.71522,1.00,1.00
2017.01.30 23:18:49.233,1.71462,1.71524,1.00,1.00
2017.01.30 23:18:49.762,1.71471,1.71526,1.00,1.00
2017.01.30 23:18:50.214,1.71464,1.71526,1.00,1.00
2017.01.30 23:18:50.475,1.71472,1.71526,1.00,1.00
2017.01.30 23:18:50.526,1.71464,1.71527,1.00,1.00
2017.01.30 23:18:50.989,1.71462,1.71525,1.50,1.00
2017.01.30 23:18:51.307,1.71461,1.71515,1.00,1.00
2017.01.30 23:18:51.357,1.71452,1.71515,1.50,1.00
2017.01.30 23:18:52.007,1.71452,1.71516,1.50,1.00
2017.01.30 23:18:54.155,1.71461,1.71518,1.00,1.00
2017.01.30 23:18:54.407,1.71461,1.71521,1.00,1.00
2017.01.30 23:18:54.458,1.71471,1.71527,1.00,1.00
2017.01.30 23:18:54.634,1.71472,1.71539,1.00,1.87
2017.01.30 23:18:54.724,1.71472,1.71543,1.00,1.00
2017.01.30 23:18:55.415,1.71472,1.71543,1.00,1.37
2017.01.30 23:18:55.736,1.71471,1.71537,1.00,1.00
2017.01.30 23:18:55.838,1.71463,1.71537,1.00,1.00
2017.01.30 23:18:56.319,1.71461,1.71536,1.00,1.00
2017.01.30 23:18:57.344,1.71461,1.71529,1.00,1.00
2017.01.30 23:18:57.925,1.71462,1.71528,1.00,1.00
2017.01.30 23:18:59.562,1.71461,1.71533,1.00,1.37
2017.01.30 23:18:59.978,1.71462,1.71529,1.00,1.00
2017.01.30 23:19:00.418,1.71462,1.71531,1.00,1.00
2017.01.30 23:19:00.944,1.71462,1.71526,1.00,1.00
2017.01.30 23:19:01.045,1.71452,1.71521,1.00,1.00
2017.01.30 23:19:01.342,1.71462,1.71521,1.00,1.00
2017.01.30 23:19:01.443,1.71462,1.71525,1.00,1.00
2017.01.30 23:19:04.524,1.71452,1.71525,1.00,1.37
2017.01.30 23:19:04.575,1.71452,1.71525,1.00,1.37
2017.01.30 23:19:04.708,1.71452,1.71525,1.00,1.37
2017.01.30 23:19:04.759,1.71452,1.71525,1.00,1.12
2017.01.30 23:19:04.822,1.71452,1.71522,1.00,1.00
2017.01.30 23:19:05.160,1.71442,1.71511,1.00,1.87
2017.01.30 23:19:05.471,1.71435,1.71505,1.00,1.00
2017.01.30 23:19:05.522,1.71431,1.71503,1.00,1.00
2017.01.30 23:19:06.024,1.71432,1.71501,1.00,1.00
2017.01.30 23:19:06.226,1.71441,1.71512,1.00,1.00
2017.01.30 23:19:06.482,1.71441,1.71515,1.00,1.12
2017.01.30 23:19:07.155,1.71442,1.71515,1.00,1.12
2017.01.30 23:19:08.524,1.7144,1.71515,1.00,1.12
2017.01.30 23:19:09.929,1.71438,1.71516,1.37,1.37
2017.01.30 23:19:11.652,1.71441,1.71516,1.00,1.37
2017.01.30 23:19:11.850,1.71438,1.71516,1.37,1.37
2017.01.30 23:19:12.378,1.71439,1.71518,1.00,1.87
2017.01.30 23:19:12.428,1.71439,1.71518,1.12,1.87
2017.01.30 23:19:13.139,1.71438,1.71515,1.00,1.37
2017.01.30 23:19:13.470,1.71441,1.71515,1.00,1.00
2017.01.30 23:19:13.851,1.71438,1.71515,1.00,1.12
2017.01.30 23:19:14.410,1.71443,1.71507,1.00,1.00
2017.01.30 23:19:14.755,1.71439,1.71503,1.00,1.00
2017.01.30 23:19:15.098,1.71441,1.715,1.00,1.00
2017.01.30 23:19:15.148,1.71438,1.715,1.00,1.00
2017.01.30 23:19:15.867,1.71443,1.71507,1.00,1.00
2017.01.30 23:19:15.918,1.71451,1.71507,1.00,1.00
2017.01.30 23:19:16.460,1.71445,1.71506,1.00,1.00
2017.01.30 23:19:16.511,1.71443,1.71506,1.00,1.00
2017.01.30 23:19:16.562,1.71443,1.71504,1.00,1.00
2017.01.30 23:19:25.143,1.7144,1.71504,1.00,1.00
2017.01.30 23:19:27.305,1.7144,1.71502,1.00,1.00
2017.01.30 23:19:27.657,1.71462,1.71521,1.00,1.00
2017.01.30 23:19:27.708,1.71467,1.71531,1.12,1.00
2017.01.30 23:19:27.759,1.71467,1.71529,1.00,1.00
2017.01.30 23:19:27.809,1.71465,1.71529,1.00,1.00
2017.01.30 23:19:28.279,1.71467,1.71529,1.00,1.00
2017.01.30 23:19:28.614,1.71471,1.7153,1.00,1.00
2017.01.30 23:19:28.955,1.71471,1.71528,1.00,1.00
2017.01.30 23:19:29.726,1.71464,1.71528,1.00,1.00
2017.01.30 23:19:31.845,1.71472,1.71528,1.00,1.00
2017.01.30 23:19:32.082,1.71464,1.71528,1.00,1.00
2017.01.30 23:19:32.882,1.71472,1.71528,1.00,1.00
2017.01.30 23:19:33.084,1.71462,1.71524,1.00,1.00
2017.01.30 23:19:33.135,1.71472,1.71525,1.00,1.00
2017.01.30 23:19:33.286,1.71472,1.71527,1.00,1.00
2017.01.30 23:19:34.798,1.71463,1.71527,1.00,1.00
2017.01.30 23:19:34.918,1.71471,1.71527,1.00,1.00
2017.01.30 23:19:35.020,1.71473,1.71535,1.00,1.00
2017.01.30 23:19:35.071,1.71473,1.71546,1.37,1.87
2017.01.30 23:19:35.173,1.71476,1.71549,1.37,1.75
2017.01.30 23:19:35.325,1.71481,1.71553,1.00,1.00
2017.01.30 23:19:35.426,1.71483,1.71556,1.00,1.50
2017.01.30 23:19:35.477,1.71485,1.71559,1.00,1.00
2017.01.30 23:19:35.527,1.71481,1.71554,1.00,1.00
2017.01.30 23:19:35.863,1.71481,1.71551,1.00,1.00
2017.01.30 23:19:37.620,1.71481,1.71552,1.00,1.00
2017.01.30 23:19:38.105,1.71481,1.7155,1.00,1.00
2017.01.30 23:19:38.921,1.71491,1.7155,1.00,1.00
2017.01.30 23:19:39.104,1.71491,1.71553,1.00,1.00
2017.01.30 23:19:39.759,1.71491,1.71554,1.00,1.00
2017.01.30 23:19:40.168,1.71491,1.71556,1.00,1.00
2017.01.30 23:19:40.646,1.71491,1.71558,1.00,1.50
2017.01.30 23:19:43.096,1.71481,1.71558,1.00,1.50
2017.01.30 23:19:43.147,1.71491,1.71557,1.00,1.00
2017.01.30 23:19:43.248,1.71482,1.71557,1.00,1.50
2017.01.30 23:19:47.867,1.71482,1.71555,1.00,1.00
2017.01.30 23:19:48.266,1.71481,1.7155,1.00,1.00
2017.01.30 23:19:49.188,1.71482,1.7155,1.00,1.00
2017.01.30 23:19:51.614,1.71481,1.7155,1.00,1.00
2017.01.30 23:19:52.428,1.71481,1.71549,1.00,1.00
2017.01.30 23:19:54.991,1.71481,1.71542,1.50,1.00
2017.01.30 23:19:59.308,1.71481,1.71541,1.00,1.00
2017.01.30 23:20:00.521,1.71481,1.71543,1.00,1.00
2017.01.30 23:20:00.571,1.71481,1.7154,1.00,1.00
2017.01.30 23:20:00.622,1.71477,1.71538,1.00,1.00
2017.01.30 23:20:00.723,1.71481,1.71538,1.00,1.00
2017.01.30 23:20:00.824,1.71481,1.71542,1.00,1.00
2017.01.30 23:20:01.517,1.71482,1.71543,1.00,1.00
2017.01.30 23:20:01.771,1.71491,1.71547,1.00,1.00
2017.01.30 23:20:01.844,1.71485,1.71548,1.00,1.00
2017.01.30 23:20:02.009,1.71491,1.71548,1.00,1.00
2017.01.30 23:20:05.034,1.71483,1.71546,1.00,1.00
2017.01.30 23:20:05.084,1.71483,1.71544,1.00,1.00
2017.01.30 23:20:05.592,1.71482,1.71542,1.00,1.00
2017.01.30 23:20:06.252,1.71482,1.71543,1.00,1.00
2017.01.30 23:20:07.104,1.71472,1.71526,1.00,1.00
2017.01.30 23:20:07.255,1.71461,1.71519,1.12,1.00
2017.01.30 23:20:07.494,1.71461,1.71517,1.00,1.00
2017.01.30 23:20:08.041,1.71461,1.71516,1.00,1.00
2017.01.30 23:20:08.565,1.71462,1.71516,1.00,1.00
2017.01.30 23:20:08.942,1.71453,1.71516,1.00,1.00
2017.01.30 23:20:09.115,1.71454,1.71514,1.00,1.00
2017.01.30 23:20:10.095,1.71461,1.71523,1.00,1.00
2017.01.30 23:20:10.146,1.71463,1.71523,1.00,1.00
2017.01.30 23:20:10.702,1.71464,1.71524,1.00,1.00
2017.01.30 23:20:10.753,1.71464,1.71526,1.00,1.00
2017.01.30 23:20:10.995,1.71464,1.71524,1.00,1.00
2017.01.30 23:20:11.212,1.71463,1.71526,1.00,1.12
2017.01.30 23:20:11.263,1.71462,1.71523,1.50,1.00
2017.01.30 23:20:11.515,1.71463,1.71526,1.00,1.12
2017.01.30 23:20:12.823,1.71466,1.71529,1.00,1.50
2017.01.30 23:20:13.126,1.71482,1.71532,1.00,1.75
2017.01.30 23:20:13.440,1.71472,1.71532,1.00,1.00
2017.01.30 23:20:13.959,1.71472,1.71533,1.00,1.00
2017.01.30 23:20:15.554,1.71482,1.71534,1.00,1.00
2017.01.30 23:20:15.605,1.71482,1.71537,1.00,1.00
2017.01.30 23:20:15.656,1.71491,1.71546,1.00,1.00
2017.01.30 23:20:15.757,1.71491,1.71558,1.00,1.37
2017.01.30 23:20:15.959,1.71492,1.71556,1.00,1.00
2017.01.30 23:20:16.121,1.71491,1.71554,1.00,1.00
2017.01.30 23:20:16.172,1.71491,1.71557,1.00,1.00
2017.01.30 23:20:16.222,1.71491,1.71553,1.00,1.00
2017.01.30 23:20:16.552,1.71491,1.71551,1.00,1.00
2017.01.30 23:20:16.662,1.71491,1.71553,1.00,1.00
2017.01.30 23:20:16.928,1.71482,1.71542,1.00,1.00
2017.01.30 23:20:17.029,1.71471,1.71532,1.00,1.00
2017.01.30 23:20:17.263,1.71482,1.71533,1.00,1.00
2017.01.30 23:20:17.365,1.71482,1.71539,1.00,1.00
2017.01.30 23:20:17.466,1.71482,1.71546,1.00,1.00
2017.01.30 23:20:17.636,1.71482,1.71548,1.00,1.50
2017.01.30 23:20:17.686,1.71492,1.71548,1.00,1.12
2017.01.30 23:20:18.346,1.71492,1.71547,1.00,1.00
2017.01.30 23:20:18.821,1.71492,1.71548,1.00,1.87
2017.01.30 23:20:18.930,1.71482,1.7154,1.00,1.12
2017.01.30 23:20:19.216,1.71481,1.71538,1.00,1.00
2017.01.30 23:20:19.746,1.71482,1.71538,1.00,1.00
2017.01.30 23:20:19.834,1.71471,1.71536,1.00,1.00
2017.01.30 23:20:20.378,1.71472,1.71537,1.00,1.50
2017.01.30 23:20:20.529,1.71462,1.71537,1.50,1.00
2017.01.30 23:20:20.681,1.71471,1.71537,1.00,1.00
2017.01.30 23:20:20.943,1.71471,1.71539,1.00,1.87
2017.01.30 23:20:21.633,1.71471,1.71539,1.00,1.87
2017.01.30 23:20:23.596,1.71471,1.71539,1.00,1.00
2017.01.30 23:20:25.909,1.71471,1.71537,1.00,1.00
2017.01.30 23:20:26.441,1.71472,1.71537,1.00,1.00
2017.01.30 23:20:26.753,1.71482,1.71536,1.00,1.00
2017.01.30 23:20:27.294,1.71482,1.71537,1.00,1.00
2017.01.30 23:20:27.904,1.71481,1.71537,1.00,1.00
2017.01.30 23:20:28.626,1.71481,1.71538,1.00,1.00
2017.01.30 23:20:29.324,1.71481,1.71539,1.00,1.50
2017.01.30 23:20:29.844,1.71482,1.71539,1.00,1.50
2017.01.30 23:20:30.840,1.71482,1.7154,1.00,1.00
2017.01.30 23:20:32.274,1.71482,1.71541,1.00,1.00
2017.01.30 23:20:32.957,1.71481,1.71541,1.00,1.00
2017.01.30 23:20:33.516,1.71492,1.71541,1.00,1.00
2017.01.30 23:20:33.567,1.71482,1.71543,1.00,1.00
2017.01.30 23:20:33.618,1.71491,1.71543,1.00,1.00
2017.01.30 23:20:33.668,1.71491,1.71545,1.00,1.00
2017.01.30 23:20:33.820,1.71491,1.71547,1.00,1.00
2017.01.30 23:20:33.871,1.71491,1.71549,1.00,1.00
2017.01.30 23:20:33.972,1.71492,1.71551,1.00,1.87
2017.01.30 23:20:34.023,1.71492,1.7155,1.00,1.37
2017.01.30 23:20:34.124,1.71492,1.71551,1.00,1.12
2017.01.30 23:20:34.175,1.71492,1.71549,1.00,1.00
2017.01.30 23:20:34.561,1.71481,1.71548,1.00,1.12
2017.01.30 23:20:35.112,1.71481,1.71547,1.00,1.00
2017.01.30 23:20:35.259,1.71481,1.71545,1.00,1.00
2017.01.30 23:20:35.587,1.71482,1.71543,1.50,1.00
2017.01.30 23:20:36.088,1.71482,1.71542,1.50,1.00
2017.01.30 23:20:36.489,1.71491,1.71542,1.00,1.00
2017.01.30 23:20:36.746,1.71492,1.71546,1.00,1.00
2017.01.30 23:20:36.849,1.71492,1.71544,1.00,1.00
2017.01.30 23:20:37.182,1.71491,1.71541,1.00,1.00
2017.01.30 23:20:37.440,1.71491,1.71545,1.00,1.00
2017.01.30 23:20:37.541,1.71501,1.71545,1.00,1.00
2017.01.30 23:20:37.742,1.71491,1.71546,1.00,1.00
2017.01.30 23:20:37.894,1.71491,1.71541,1.00,1.00
2017.01.30 23:20:38.111,1.71491,1.71543,1.00,1.00
2017.01.30 23:20:38.312,1.71481,1.71542,1.50,1.00
2017.01.30 23:20:38.565,1.71492,1.71542,1.00,1.00
2017.01.30 23:20:39.090,1.71491,1.71544,1.00,1.00
2017.01.30 23:20:39.349,1.71482,1.71544,1.00,1.00
2017.01.30 23:20:39.400,1.71482,1.71541,1.00,1.00
2017.01.30 23:20:39.601,1.71475,1.71536,1.00,1.00
2017.01.30 23:20:39.753,1.71481,1.71537,1.00,1.00
2017.01.30 23:20:40.595,1.71481,1.7154,1.00,1.00
2017.01.30 23:20:40.646,1.71491,1.71541,1.00,1.00
2017.01.30 23:20:40.747,1.71482,1.71541,1.00,1.00
2017.01.30 23:20:41.560,1.71482,1.7154,1.00,1.00
2017.01.30 23:20:41.984,1.71481,1.71542,1.00,1.00
2017.01.30 23:20:45.739,1.71481,1.71541,1.50,1.00
2017.01.30 23:20:46.780,1.71482,1.71541,1.00,1.00
2017.01.30 23:20:46.903,1.71491,1.71544,1.00,1.00
2017.01.30 23:20:46.954,1.71482,1.71544,1.00,1.00
2017.01.30 23:20:47.544,1.71482,1.71542,1.00,1.00
2017.01.30 23:20:49.856,1.71481,1.71542,1.00,1.00
2017.01.30 23:20:50.183,1.71491,1.71547,1.00,1.00
2017.01.30 23:20:50.871,1.71492,1.71546,1.00,1.00
2017.01.30 23:20:51.064,1.71491,1.71548,1.00,1.00
2017.01.30 23:20:54.365,1.71491,1.71546,1.00,1.00
2017.01.30 23:20:54.877,1.71491,1.71547,1.00,1.00
2017.01.30 23:20:55.336,1.71486,1.71546,1.00,1.00
2017.01.30 23:20:55.437,1.71484,1.71547,1.00,1.00
2017.01.30 23:20:55.487,1.71483,1.71546,1.37,1.00
2017.01.30 23:20:55.767,1.71485,1.71548,1.37,1.12
2017.01.30 23:20:55.936,1.71485,1.71546,1.37,1.00
2017.01.30 23:20:58.258,1.71485,1.71546,1.37,1.00
2017.01.30 23:20:59.715,1.71491,1.71546,1.00,1.00
2017.01.30 23:21:00.229,1.71491,1.71545,1.00,1.00
2017.01.30 23:21:00.442,1.71484,1.71545,1.37,1.00
2017.01.30 23:21:00.493,1.71485,1.71548,1.37,1.12
2017.01.30 23:21:01.266,1.71491,1.71547,1.00,1.00
2017.01.30 23:21:02.399,1.71492,1.71531,1.00,1.00
2017.01.30 23:21:02.449,1.71481,1.71531,1.00,1.37
2017.01.30 23:21:02.500,1.71481,1.71533,1.00,1.00
2017.01.30 23:21:02.702,1.71481,1.71529,1.00,1.00
2017.01.30 23:21:02.753,1.71472,1.71529,1.37,1.00
2017.01.30 23:21:02.854,1.71467,1.71527,1.87,1.00
2017.01.30 23:21:02.955,1.71464,1.71527,1.87,1.00
2017.01.30 23:21:06.607,1.71466,1.71527,1.37,1.00
2017.01.30 23:21:06.657,1.71472,1.71521,1.00,1.00
2017.01.30 23:21:07.185,1.71472,1.7152,1.00,1.00
2017.01.30 23:21:07.717,1.71472,1.71518,1.00,1.00
2017.01.30 23:21:07.818,1.71462,1.71518,1.37,1.12
2017.01.30 23:21:08.015,1.7147,1.71526,1.87,1.00
2017.01.30 23:21:08.066,1.71471,1.71531,1.87,1.37
2017.01.30 23:21:08.116,1.71477,1.71533,1.87,1.00
2017.01.30 23:21:08.218,1.71482,1.71538,1.37,1.00
2017.01.30 23:21:08.429,1.71482,1.71538,1.00,2.62
2017.01.30 23:21:08.792,1.71482,1.71535,1.00,1.87
2017.01.30 23:21:09.115,1.71492,1.71535,1.00,1.87
2017.01.30 23:21:10.341,1.71482,1.71535,1.00,1.87
2017.01.30 23:21:11.067,1.71481,1.71535,1.00,1.87
2017.01.30 23:21:12.761,1.71482,1.71532,1.00,1.87
2017.01.30 23:21:13.186,1.71482,1.7153,1.00,1.87
2017.01.30 23:21:14.195,1.71482,1.71534,1.00,1.87
2017.01.30 23:21:15.202,1.71472,1.71534,1.87,1.87
2017.01.30 23:21:15.303,1.71472,1.71529,1.00,1.87
2017.01.30 23:21:15.611,1.71481,1.7153,1.00,1.87
2017.01.30 23:21:15.712,1.71472,1.7153,1.37,1.87
2017.01.30 23:21:15.864,1.71481,1.7153,1.00,1.87
2017.01.30 23:21:16.368,1.71481,1.71529,1.00,1.87
2017.01.30 23:21:16.418,1.71471,1.71529,1.37,1.87
2017.01.30 23:21:16.488,1.71471,1.71531,1.37,1.87
2017.01.30 23:21:16.538,1.71481,1.71531,1.00,1.87
2017.01.30 23:21:16.640,1.71471,1.71529,1.37,2.62
2017.01.30 23:21:17.458,1.71471,1.71529,1.00,1.87
2017.01.30 23:21:18.115,1.71472,1.71529,1.00,1.87
2017.01.30 23:21:18.217,1.71472,1.71531,1.00,2.62
2017.01.30 23:21:18.626,1.71472,1.71527,1.00,1.87
2017.01.30 23:21:19.152,1.71472,1.71525,1.00,1.87
2017.01.30 23:21:20.057,1.71472,1.71527,1.00,1.87
2017.01.30 23:21:20.108,1.71472,1.7153,2.62,1.12
2017.01.30 23:21:20.159,1.71482,1.71531,1.00,1.12
2017.01.30 23:21:20.310,1.71472,1.71528,1.00,1.87
2017.01.30 23:21:20.411,1.71472,1.7153,1.12,2.62
2017.01.30 23:21:22.168,1.71472,1.7153,2.62,1.00
2017.01.30 23:21:22.370,1.71483,1.71542,1.37,1.37
2017.01.30 23:21:22.421,1.71492,1.71544,1.00,1.00
2017.01.30 23:21:22.472,1.71492,1.71547,1.12,1.87
2017.01.30 23:21:22.523,1.71483,1.7154,1.00,1.87
2017.01.30 23:21:22.825,1.71481,1.71535,1.00,1.87
2017.01.30 23:21:26.218,1.71481,1.71532,1.00,1.87
2017.01.30 23:21:26.419,1.71473,1.71532,1.37,1.87
2017.01.30 23:21:30.314,1.71473,1.71533,1.37,1.37
2017.01.30 23:21:30.967,1.71471,1.71532,1.00,1.37
2017.01.30 23:21:31.119,1.71472,1.71531,1.37,1.00
2017.01.30 23:21:31.422,1.71522,1.71575,1.00,1.00
2017.01.30 23:21:31.523,1.71516,1.71576,1.37,1.00
2017.01.30 23:21:31.624,1.71517,1.71578,1.37,1.00
2017.01.30 23:21:31.725,1.71513,1.71575,1.37,1.12
2017.01.30 23:21:31.928,1.71513,1.71575,1.00,1.37
2017.01.30 23:21:32.597,1.71513,1.71573,1.00,1.00
2017.01.30 23:21:33.115,1.71513,1.71572,1.12,1.12
2017.01.30 23:21:33.879,1.71513,1.71572,1.00,1.37
2017.01.30 23:21:34.295,1.71511,1.71573,1.50,1.37
2017.01.30 23:21:34.396,1.71511,1.7157,1.50,1.37
2017.01.30 23:21:34.717,1.71512,1.71569,1.00,1.37
2017.01.30 23:21:35.715,1.71508,1.71568,1.00,1.37
2017.01.30 23:21:36.016,1.71506,1.71568,1.00,1.37
2017.01.30 23:21:36.067,1.71506,1.71566,1.00,1.37
2017.01.30 23:21:38.684,1.71505,1.71566,1.00,1.37
2017.01.30 23:21:45.926,1.71502,1.71562,1.87,1.00
2017.01.30 23:21:46.228,1.71502,1.71561,1.00,1.37
2017.01.30 23:21:47.701,1.71499,1.7156,1.00,1.37
2017.01.30 23:21:50.180,1.71497,1.71559,1.12,1.12
2017.01.30 23:21:50.423,1.71497,1.71559,1.00,1.37
2017.01.30 23:21:52.066,1.71497,1.71559,1.12,1.12
2017.01.30 23:21:52.217,1.71502,1.71559,1.00,1.12
2017.01.30 23:21:53.536,1.71501,1.71559,1.00,1.12
2017.01.30 23:21:53.790,1.71497,1.71559,1.12,1.12
2017.01.30 23:21:56.614,1.71497,1.71559,1.00,1.37
2017.01.30 23:21:57.013,1.71501,1.71556,1.00,1.37
2017.01.30 23:21:57.064,1.71493,1.71555,1.00,1.37
2017.01.30 23:21:58.060,1.71502,1.71555,1.00,1.37
2017.01.30 23:21:58.501,1.71493,1.71555,1.37,1.37
2017.01.30 23:22:00.063,1.71495,1.71555,1.00,1.37
2017.01.30 23:22:00.218,1.71501,1.71557,1.00,1.37
2017.01.30 23:22:00.608,1.71496,1.71557,1.00,1.37
2017.01.30 23:22:00.915,1.71501,1.71557,1.00,1.37
2017.01.30 23:22:00.965,1.71496,1.71557,1.00,1.37
2017.01.30 23:22:01.016,1.71493,1.71554,1.00,1.87
2017.01.30 23:22:01.244,1.71493,1.71555,1.00,1.37
2017.01.30 23:22:02.959,1.71494,1.71556,1.00,1.37
2017.01.30 23:22:03.499,1.71493,1.71555,1.00,1.37
2017.01.30 23:22:05.705,1.71494,1.71556,1.00,1.37
2017.01.30 23:22:06.377,1.71493,1.71555,1.00,1.37
2017.01.30 23:22:06.428,1.71502,1.71555,1.00,1.37
2017.01.30 23:22:06.968,1.71501,1.71552,1.00,1.37
2017.01.30 23:22:07.116,1.71502,1.71559,2.62,1.00
2017.01.30 23:22:07.284,1.71512,1.71565,1.12,1.00
2017.01.30 23:22:07.335,1.71511,1.71569,1.37,1.00
2017.01.30 23:22:07.436,1.71507,1.71569,1.37,1.00
2017.01.30 23:22:07.537,1.71505,1.71567,1.12,1.37
2017.01.30 23:22:07.638,1.71507,1.71566,1.00,1.12
2017.01.30 23:22:07.983,1.71511,1.71569,1.00,1.37
2017.01.30 23:22:08.416,1.71512,1.71572,1.00,1.37
2017.01.30 23:22:08.961,1.71511,1.71571,1.00,1.12
2017.01.30 23:22:11.369,1.7151,1.7157,1.00,1.00
2017.01.30 23:22:11.934,1.7151,1.7157,1.00,1.37
2017.01.30 23:22:12.798,1.7151,1.7157,1.00,1.37
2017.01.30 23:22:13.006,1.71493,1.71553,1.00,1.00
2017.01.30 23:22:13.353,1.71491,1.71553,1.12,1.12
2017.01.30 23:22:13.558,1.71491,1.71553,1.37,1.37
2017.01.30 23:22:17.073,1.71491,1.71553,1.12,1.12
2017.01.30 23:22:17.124,1.71492,1.7155,1.00,1.00
2017.01.30 23:22:20.954,1.71492,1.71552,1.50,1.00
2017.01.30 23:22:21.575,1.71492,1.71552,1.37,1.00
2017.01.30 23:22:26.481,1.71492,1.71553,1.37,1.12
2017.01.30 23:22:27.374,1.71492,1.71552,1.37,1.00
2017.01.30 23:22:41.880,1.71491,1.71554,1.87,1.37
2017.01.30 23:22:41.931,1.71491,1.71554,1.87,1.37
2017.01.30 23:22:41.982,1.71493,1.71553,1.00,1.37
2017.01.30 23:22:42.367,1.71491,1.71553,1.00,1.37
2017.01.30 23:22:42.908,1.71492,1.71552,1.00,1.37
2017.01.30 23:22:44.875,1.71493,1.71553,1.00,1.37
2017.01.30 23:22:45.867,1.71492,1.71553,1.00,1.37
2017.01.30 23:22:46.954,1.71501,1.71553,1.00,1.37
2017.01.30 23:22:47.029,1.71492,1.71553,1.50,1.37
2017.01.30 23:22:53.894,1.71492,1.71553,1.12,1.37
2017.01.30 23:22:54.313,1.71492,1.71553,1.00,2.62
2017.01.30 23:22:58.293,1.71492,1.71552,1.00,1.37
2017.01.30 23:22:58.954,1.71491,1.71552,1.00,1.37
2017.01.30 23:23:01.594,1.71492,1.71552,1.00,1.37
2017.01.30 23:23:02.876,1.71492,1.71552,1.00,1.37
2017.01.30 23:23:03.244,1.71492,1.71551,1.00,1.37
2017.01.30 23:23:05.490,1.71492,1.71551,1.00,1.12
2017.01.30 23:23:05.713,1.71492,1.71551,1.00,1.37
2017.01.30 23:23:06.496,1.71491,1.71551,1.00,1.37
2017.01.30 23:23:07.330,1.71491,1.71553,1.00,1.37
2017.01.30 23:23:10.505,1.71502,1.71553,1.00,2.62
2017.01.30 23:23:10.556,1.71502,1.71555,1.00,1.12
2017.01.30 23:23:10.764,1.71501,1.71557,1.00,1.37
2017.01.30 23:23:11.274,1.71502,1.71556,1.00,1.37
2017.01.30 23:23:12.716,1.71494,1.71556,1.00,1.37
2017.01.30 23:23:16.756,1.71494,1.71553,1.00,1.87
2017.01.30 23:23:17.237,1.71502,1.71553,1.00,1.87
2017.01.30 23:23:18.413,1.71493,1.71553,1.00,1.87
2017.01.30 23:23:18.464,1.71491,1.71552,1.00,1.37
2017.01.30 23:23:36.376,1.71491,1.71553,1.00,1.37
2017.01.30 23:23:38.392,1.71491,1.71552,1.00,1.12
2017.01.30 23:23:38.443,1.71502,1.71554,1.00,1.37
2017.01.30 23:23:38.787,1.71492,1.71553,1.12,1.37
2017.01.30 23:23:38.891,1.71492,1.71553,1.37,1.00
2017.01.30 23:23:42.163,1.71492,1.71553,1.37,1.00
2017.01.30 23:23:42.650,1.71491,1.71553,1.87,1.00
2017.01.30 23:23:42.978,1.71492,1.71557,1.00,1.37
2017.01.30 23:23:43.029,1.71492,1.71557,1.87,1.37
2017.01.30 23:23:43.652,1.71501,1.71557,1.00,1.37
2017.01.30 23:23:43.815,1.71502,1.71557,1.00,1.37
2017.01.30 23:23:49.816,1.71494,1.71557,1.37,1.37
2017.01.30 23:23:51.939,1.71494,1.71557,1.37,2.62
2017.01.30 23:23:52.265,1.71501,1.71555,1.00,1.37
2017.01.30 23:23:52.851,1.71501,1.71556,1.00,1.37
2017.01.30 23:23:53.542,1.71502,1.71556,1.00,1.37
2017.01.30 23:23:54.096,1.71502,1.71556,1.00,1.37
2017.01.30 23:23:54.439,1.71515,1.71572,1.87,1.75
2017.01.30 23:23:54.609,1.71521,1.71581,1.37,1.87
2017.01.30 23:23:54.710,1.71531,1.71585,1.87,1.00
2017.01.30 23:23:55.013,1.7154,1.71602,2.62,1.37
2017.01.30 23:23:55.064,1.71541,1.716,1.37,1.87
2017.01.30 23:23:55.165,1.71542,1.71604,1.87,1.50
2017.01.30 23:23:55.293,1.71542,1.71604,3.37,1.50
2017.01.30 23:23:55.596,1.71552,1.71606,1.00,3.00
2017.01.30 23:23:56.715,1.71551,1.71606,1.00,2.62
2017.01.30 23:23:58.760,1.71551,1.71603,1.00,1.87
2017.01.30 23:23:58.892,1.71552,1.71606,2.62,1.00
2017.01.30 23:23:58.943,1.71555,1.71606,1.87,1.00
2017.01.30 23:23:58.994,1.71555,1.71612,1.87,1.00
2017.01.30 23:23:59.095,1.71552,1.7161,1.37,1.87
2017.01.30 23:23:59.215,1.71545,1.71609,1.87,1.87
2017.01.30 23:23:59.654,1.71551,1.71609,1.00,2.62
2017.01.30 23:24:00.018,1.71551,1.71606,1.00,1.87
2017.01.30 23:24:00.120,1.71545,1.71605,1.37,1.87
2017.01.30 23:24:00.432,1.71551,1.71605,1.00,1.87
2017.01.30 23:24:00.643,1.71541,1.71605,2.62,1.87
2017.01.30 23:24:00.818,1.71552,1.71606,1.00,2.62
2017.01.30 23:24:00.869,1.71552,1.71606,1.37,1.00
2017.01.30 23:24:00.920,1.71552,1.71612,2.62,1.37
2017.01.30 23:24:01.114,1.71552,1.71611,1.12,1.87
2017.01.30 23:24:01.435,1.71552,1.71608,1.00,1.87
2017.01.30 23:24:02.484,1.71546,1.71608,1.87,2.62
2017.01.30 23:24:03.324,1.71544,1.71606,1.37,1.87
2017.01.30 23:24:03.375,1.71542,1.71602,1.37,1.87
2017.01.30 23:24:03.787,1.71562,1.71603,1.00,1.00
2017.01.30 23:24:03.838,1.71552,1.71614,1.37,2.25
2017.01.30 23:24:03.943,1.71551,1.71609,1.12,1.87
2017.01.30 23:24:04.246,1.71551,1.71605,1.00,1.87
2017.01.30 23:24:04.777,1.71552,1.71605,1.00,1.87
2017.01.30 23:24:05.637,1.71552,1.71607,1.00,1.37
2017.01.30 23:24:13.729,1.71544,1.71605,1.87,1.87
2017.01.30 23:24:13.830,1.71541,1.71599,1.37,1.37
2017.01.30 23:24:13.881,1.71541,1.71598,1.00,1.87
2017.01.30 23:24:13.932,1.71542,1.71595,1.00,1.00
2017.01.30 23:24:14.234,1.71541,1.71598,1.37,1.87
2017.01.30 23:24:15.071,1.71541,1.71599,1.12,1.37
2017.01.30 23:24:15.122,1.71542,1.71599,1.37,1.37
2017.01.30 23:24:15.488,1.71542,1.71601,2.62,1.37
2017.01.30 23:24:18.608,1.71542,1.716,1.37,1.87
2017.01.30 23:24:19.461,1.71544,1.716,1.87,1.87
2017.01.30 23:24:19.512,1.71542,1.716,2.62,1.87
2017.01.30 23:24:19.563,1.71552,1.716,1.00,1.37
2017.01.30 23:24:19.613,1.71552,1.71602,1.00,1.12
2017.01.30 23:24:19.664,1.71545,1.71602,1.87,1.12
2017.01.30 23:24:19.715,1.71541,1.716,1.37,1.87
2017.01.30 23:24:19.960,1.71541,1.716,1.37,1.87
2017.01.30 23:24:20.917,1.71541,1.71599,1.37,1.37
2017.01.30 23:24:21.245,1.71541,1.71599,1.37,1.87
2017.01.30 23:24:26.114,1.71542,1.71599,1.00,1.37
2017.01.30 23:24:26.430,1.71541,1.71599,1.12,1.37
2017.01.30 23:24:28.511,1.71541,1.716,1.12,2.62
2017.01.30 23:24:28.865,1.71551,1.71602,1.00,1.37
2017.01.30 23:24:29.050,1.71542,1.71605,1.87,1.37
2017.01.30 23:24:29.213,1.71543,1.71603,1.87,1.00
2017.01.30 23:24:29.578,1.71551,1.71604,1.00,1.12
2017.01.30 23:24:30.015,1.71543,1.71604,2.62,1.12
2017.01.30 23:24:31.315,1.71546,1.71604,1.87,1.37
2017.01.30 23:24:32.428,1.71552,1.71606,1.00,1.37
2017.01.30 23:24:32.761,1.71544,1.71606,1.87,1.37
2017.01.30 23:24:38.215,1.71552,1.71604,1.00,1.37
2017.01.30 23:24:40.451,1.71544,1.71606,1.87,1.87
2017.01.30 23:24:46.905,1.71551,1.71606,1.00,1.37
2017.01.30 23:24:49.376,1.71551,1.71601,1.00,1.00
2017.01.30 23:24:49.427,1.71551,1.71605,1.00,1.37
2017.01.30 23:24:49.515,1.71544,1.71605,2.62,1.37
2017.01.30 23:24:50.045,1.71544,1.71605,1.87,1.87
2017.01.30 23:24:50.706,1.71544,1.71604,1.87,1.37
2017.01.30 23:24:53.881,1.71543,1.71606,1.37,2.62
2017.01.30 23:24:56.591,1.71543,1.71602,1.00,1.87
2017.01.30 23:24:56.642,1.71541,1.716,1.12,1.37
2017.01.30 23:24:58.798,1.71541,1.716,1.37,1.87
2017.01.30 23:25:00.594,1.71541,1.716,1.12,1.37
2017.01.30 23:25:01.110,1.71542,1.716,1.00,1.37
2017.01.30 23:25:01.160,1.71542,1.716,1.12,2.62
2017.01.30 23:25:06.654,1.71541,1.71599,1.37,1.37
2017.01.30 23:25:07.265,1.71542,1.71599,1.00,1.37
2017.01.30 23:25:09.389,1.71542,1.716,1.37,1.37
2017.01.30 23:25:09.679,1.71542,1.716,1.12,1.37
2017.01.30 23:25:10.771,1.71542,1.716,1.00,1.87
2017.01.30 23:25:12.139,1.71542,1.71599,1.00,1.87
2017.01.30 23:25:12.874,1.71542,1.71594,1.00,1.37
2017.01.30 23:25:14.817,1.71541,1.71594,1.00,1.37
2017.01.30 23:25:16.039,1.71542,1.71594,1.00,1.37
2017.01.30 23:25:16.140,1.71532,1.71593,1.87,2.62
2017.01.30 23:25:16.241,1.71532,1.71592,1.37,1.37
2017.01.30 23:25:28.581,1.71532,1.71593,1.37,3.37
2017.01.30 23:25:29.284,1.71532,1.71593,1.37,3.37
2017.01.30 23:25:40.936,1.71532,1.71592,1.87,1.87
2017.01.30 23:25:40.987,1.71532,1.71582,1.00,1.87
2017.01.30 23:25:41.038,1.71521,1.71579,1.37,1.87
2017.01.30 23:25:41.089,1.71521,1.71574,1.37,1.87
2017.01.30 23:25:41.190,1.71522,1.71577,1.00,1.37
2017.01.30 23:25:41.241,1.71522,1.71577,1.00,2.62
2017.01.30 23:25:41.536,1.71512,1.71572,1.00,1.37
2017.01.30 23:25:41.586,1.71512,1.71566,1.00,2.62
2017.01.30 23:25:41.637,1.71506,1.71566,1.37,1.37
2017.01.30 23:25:41.688,1.71504,1.71566,1.50,1.37
2017.01.30 23:25:41.739,1.71504,1.71563,1.12,1.37
2017.01.30 23:25:45.628,1.71511,1.71563,1.00,1.37
2017.01.30 23:25:46.520,1.71504,1.71563,1.12,1.37
2017.01.30 23:25:51.316,1.71504,1.71563,1.37,1.37
2017.01.30 23:25:54.766,1.71503,1.71564,1.37,2.62
2017.01.30 23:25:57.076,1.71506,1.71565,1.87,1.37
2017.01.30 23:25:57.596,1.71512,1.71568,1.00,2.62
2017.01.30 23:26:00.379,1.71511,1.71568,1.00,2.62
2017.01.30 23:26:04.406,1.71505,1.71565,1.37,2.62
2017.01.30 23:26:04.507,1.71501,1.71559,1.87,1.87
2017.01.30 23:26:05.276,1.71502,1.71558,1.12,1.87
2017.01.30 23:26:07.092,1.71501,1.71558,1.00,1.87
2017.01.30 23:26:10.130,1.71501,1.71557,1.00,1.87
2017.01.30 23:26:10.281,1.71491,1.71548,1.87,1.87
2017.01.30 23:26:10.332,1.71491,1.71546,1.00,1.87
2017.01.30 23:26:10.735,1.71492,1.71548,1.12,1.37
2017.01.30 23:26:11.000,1.71492,1.71548,2.62,1.00
2017.01.30 23:26:11.325,1.715,1.71557,1.87,1.37
2017.01.30 23:26:11.434,1.71495,1.71554,1.37,2.62
2017.01.30 23:26:15.493,1.71502,1.71553,1.00,1.37
2017.01.30 23:26:15.687,1.71502,1.71552,1.00,1.12
2017.01.30 23:26:18.317,1.71494,1.71552,1.37,1.12
2017.01.30 23:26:19.251,1.71501,1.71559,1.37,1.00
2017.01.30 23:26:19.806,1.71501,1.7156,1.87,1.12
2017.01.30 23:26:20.242,1.71501,1.71561,1.87,1.37
2017.01.30 23:26:22.828,1.71498,1.71557,1.87,1.37
2017.01.30 23:26:22.879,1.71494,1.71555,1.37,2.62
2017.01.30 23:26:22.980,1.71493,1.71553,1.37,1.37
2017.01.30 23:26:23.031,1.71493,1.71553,2.62,1.37
2017.01.30 23:26:23.754,1.71492,1.7155,2.62,1.37
2017.01.30 23:26:26.013,1.71492,1.7155,1.37,1.00
2017.01.30 23:26:26.291,1.71493,1.71552,1.37,1.12
2017.01.30 23:26:31.384,1.71492,1.71551,1.37,1.37
2017.01.30 23:26:31.690,1.71498,1.71555,1.00,1.37
2017.01.30 23:26:31.740,1.71501,1.71554,1.00,1.12
2017.01.30 23:26:31.842,1.71495,1.71556,1.37,1.37
2017.01.30 23:26:31.952,1.71496,1.71554,1.37,1.37
2017.01.30 23:26:32.173,1.71494,1.71555,1.37,1.37
2017.01.30 23:26:33.518,1.71494,1.71555,1.37,1.37
2017.01.30 23:26:33.881,1.71494,1.71554,1.37,2.62
2017.01.30 23:26:35.352,1.71494,1.71553,1.37,1.37
2017.01.30 23:26:35.453,1.71497,1.71556,1.00,1.37
2017.01.30 23:26:35.768,1.71502,1.71558,1.00,1.37
2017.01.30 23:26:37.215,1.71502,1.71558,1.12,1.37
2017.01.30 23:26:38.108,1.71502,1.71556,1.00,1.87
2017.01.30 23:26:38.158,1.71497,1.71556,1.37,1.87
2017.01.30 23:26:38.260,1.71502,1.71555,1.00,1.87
2017.01.30 23:26:38.361,1.71495,1.71553,1.12,1.37
2017.01.30 23:26:38.411,1.71493,1.71552,1.00,1.87
2017.01.30 23:26:38.462,1.71491,1.71552,1.87,2.62
2017.01.30 23:26:38.563,1.71491,1.71552,1.87,1.37
2017.01.30 23:26:38.909,1.71495,1.71554,1.37,1.37
2017.01.30 23:26:38.960,1.71502,1.71557,1.00,1.37
2017.01.30 23:26:39.010,1.71502,1.71557,1.12,1.00
2017.01.30 23:26:39.545,1.71501,1.71561,1.87,1.87
2017.01.30 23:26:39.841,1.71501,1.71561,1.87,1.87
2017.01.30 23:26:46.341,1.71512,1.71562,1.00,1.37
2017.01.30 23:26:47.795,1.71512,1.71562,1.00,1.37
2017.01.30 23:26:47.896,1.71512,1.71564,1.00,1.50
2017.01.30 23:26:47.947,1.71511,1.71568,1.00,1.87
2017.01.30 23:26:48.048,1.71511,1.7157,1.87,1.00
2017.01.30 23:26:48.099,1.71522,1.71571,1.00,1.12
2017.01.30 23:26:48.401,1.71522,1.71572,1.00,1.37
2017.01.30 23:26:48.948,1.71522,1.71571,1.00,1.37
2017.01.30 23:26:49.200,1.71522,1.71572,1.00,1.87
2017.01.30 23:26:50.555,1.71521,1.71572,1.00,1.37
2017.01.30 23:26:52.617,1.71522,1.71572,1.00,1.37
2017.01.30 23:26:53.896,1.71522,1.71572,1.00,2.62
2017.01.30 23:26:58.419,1.71521,1.71571,1.00,1.37
2017.01.30 23:26:58.470,1.71521,1.71573,1.00,1.12
2017.01.30 23:26:58.722,1.71512,1.71571,1.87,1.00
2017.01.30 23:26:58.773,1.71511,1.71571,1.12,2.62
2017.01.30 23:26:58.974,1.71511,1.71569,1.00,1.37
2017.01.30 23:26:59.025,1.71511,1.71569,1.37,1.12
2017.01.30 23:26:59.721,1.71511,1.71569,1.37,1.37
2017.01.30 23:27:01.015,1.71512,1.71572,1.37,1.87
2017.01.30 23:27:01.066,1.71513,1.71572,1.37,1.37
2017.01.30 23:27:04.011,1.71515,1.71574,1.37,1.37
2017.01.30 23:27:11.786,1.71514,1.71573,1.00,1.37
2017.01.30 23:27:12.669,1.71514,1.71572,1.00,1.37
2017.01.30 23:27:13.502,1.71513,1.71572,1.00,1.37
2017.01.30 23:27:18.882,1.71512,1.71572,1.37,1.37
2017.01.30 23:27:21.630,1.71532,1.71572,1.00,1.37
2017.01.30 23:27:21.731,1.71522,1.71577,1.37,1.00
2017.01.30 23:27:21.782,1.71531,1.71581,1.00,1.37
2017.01.30 23:27:22.105,1.71521,1.71573,1.00,1.87
2017.01.30 23:27:22.782,1.71521,1.71572,1.00,1.87
2017.01.30 23:27:22.935,1.71521,1.71573,1.00,1.37
2017.01.30 23:27:23.141,1.71521,1.71572,1.00,1.87
2017.01.30 23:27:27.426,1.71531,1.71572,1.00,1.87
2017.01.30 23:27:27.626,1.71531,1.71578,1.00,1.87
2017.01.30 23:27:27.727,1.71521,1.71575,1.00,1.87
2017.01.30 23:27:28.287,1.71521,1.71574,1.00,2.62
2017.01.30 23:27:32.263,1.71532,1.71577,1.00,2.62
2017.01.30 23:27:32.314,1.71532,1.71581,1.00,1.75
2017.01.30 23:27:32.415,1.71531,1.71584,1.00,1.37
2017.01.30 23:27:32.466,1.71531,1.71583,1.00,1.87
2017.01.30 23:27:33.027,1.71532,1.71582,1.00,1.87
2017.01.30 23:27:33.402,1.71542,1.71583,1.00,1.87
2017.01.30 23:27:33.526,1.71532,1.71583,1.00,1.87
2017.01.30 23:27:33.783,1.71541,1.71583,1.00,1.87
2017.01.30 23:27:40.480,1.71541,1.71581,1.00,1.87
2017.01.30 23:27:40.998,1.71541,1.71587,1.00,1.00
2017.01.30 23:27:41.048,1.71552,1.71596,1.00,1.75
2017.01.30 23:27:41.099,1.71552,1.71596,1.00,1.37
2017.01.30 23:27:41.150,1.71552,1.71604,1.00,1.87
2017.01.30 23:27:41.351,1.71545,1.716,1.00,1.87
2017.01.30 23:27:41.402,1.71541,1.71598,1.00,1.37
2017.01.30 23:27:41.453,1.71541,1.71592,1.00,1.87
2017.01.30 23:27:41.604,1.71533,1.7159,1.00,1.87
2017.01.30 23:27:44.742,1.71533,1.71591,1.37,1.87
2017.01.30 23:27:45.800,1.71535,1.71593,1.87,1.37
2017.01.30 23:27:45.851,1.71534,1.71593,1.12,2.62
2017.01.30 23:27:45.952,1.71534,1.71591,1.12,1.87
2017.01.30 23:27:57.568,1.71541,1.71593,1.00,1.87
2017.01.30 23:27:57.622,1.71541,1.71594,1.37,1.00
2017.01.30 23:27:57.764,1.71537,1.71594,1.12,1.87
2017.01.30 23:27:57.815,1.71535,1.71595,1.87,1.37
2017.01.30 23:27:57.916,1.71533,1.71592,1.37,2.62
2017.01.30 23:27:58.458,1.71532,1.71591,1.37,1.87
2017.01.30 23:28:02.393,1.71532,1.7159,1.87,1.37
2017.01.30 23:28:02.712,1.71551,1.71599,1.00,1.87
2017.01.30 23:28:02.804,1.71551,1.71602,1.00,2.62
2017.01.30 23:28:03.326,1.71552,1.71603,1.00,2.62
2017.01.30 23:28:04.123,1.71551,1.71603,1.00,2.62
2017.01.30 23:28:04.230,1.71551,1.71604,1.00,1.37
