2017.11.03 04:00:00.697,1.88797,1.88841,1.00,1.00
2017.11.03 04:00:01.302,1.88797,1.88842,1.00,1.50
2017.11.03 04:00:01.769,1.88796,1.88844,1.00,1.00
2017.11.03 04:00:01.928,1.88797,1.88842,1.00,1.00
2017.11.03 04:00:03.332,1.88797,1.88841,1.00,1.00
2017.11.03 04:00:06.378,1.88797,1.88842,1.00,1.50
2017.11.03 04:00:08.414,1.88796,1.88841,1.00,1.00
2017.11.03 04:00:10.157,1.88795,1.8884,1.00,1.00
2017.11.03 04:00:10.496,1.88792,1.88835,1.00,1.00
2017.11.03 04:00:20.145,1.88792,1.88834,1.00,1.00
2017.11.03 04:00:27.556,1.88794,1.88834,1.00,1.00
2017.11.03 04:00:29.745,1.88793,1.88834,1.00,1.00
2017.11.03 04:00:30.605,1.88793,1.88835,1.00,1.00
2017.11.03 04:00:30.910,1.88802,1.88842,1.00,1.00
2017.11.03 04:00:31.455,1.88802,1.88841,1.00,1.00
2017.11.03 04:00:31.506,1.88799,1.88841,1.00,1.00
2017.11.03 04:00:32.055,1.88798,1.88842,1.00,1.00
2017.11.03 04:00:32.832,1.88798,1.88843,1.00,1.00
2017.11.03 04:00:37.733,1.88798,1.88842,1.00,1.00
2017.11.03 04:00:38.345,1.88797,1.88841,1.00,1.00
2017.11.03 04:00:44.695,1.88797,1.88829,1.00,1.00
2017.11.03 04:00:44.747,1.88788,1.88832,1.50,1.00
2017.11.03 04:00:44.798,1.88788,1.8883,1.00,1.00
2017.11.03 04:00:44.849,1.88784,1.88828,1.00,1.00
2017.11.03 04:00:44.900,1.88782,1.88828,1.50,1.00
2017.11.03 04:00:45.440,1.88783,1.88827,1.00,1.00
2017.11.03 04:00:45.548,1.88783,1.88829,1.00,1.00
2017.11.03 04:00:45.737,1.88785,1.8883,1.00,1.00
2017.11.03 04:00:46.068,1.88777,1.88821,1.00,1.00
2017.11.03 04:00:46.677,1.88776,1.8882,1.00,1.00
2017.11.03 04:00:47.727,1.88775,1.8882,1.00,1.00
2017.11.03 04:00:58.196,1.88775,1.88816,1.00,1.00
2017.11.03 04:00:58.780,1.88773,1.88816,1.87,1.00
2017.11.03 04:01:03.695,1.88773,1.88817,1.87,1.00
2017.11.03 04:01:04.663,1.88773,1.88817,1.50,1.00
2017.11.03 04:01:05.190,1.88773,1.88816,1.50,1.00
2017.11.03 04:01:05.968,1.88773,1.88809,1.00,1.00
2017.11.03 04:01:06.120,1.88771,1.88808,1.00,1.00
2017.11.03 04:01:06.222,1.88771,1.8881,1.00,1.00
2017.11.03 04:01:06.273,1.88771,1.88807,1.00,1.00
2017.11.03 04:01:06.600,1.88772,1.88802,1.00,1.00
2017.11.03 04:01:07.202,1.88766,1.88802,1.00,1.00
2017.11.03 04:01:10.082,1.88766,1.88806,1.00,1.00
2017.11.03 04:01:10.134,1.88764,1.88802,1.00,1.00
2017.11.03 04:01:10.439,1.88765,1.88799,1.00,1.00
2017.11.03 04:01:10.540,1.88763,1.88799,1.00,1.00
2017.11.03 04:01:10.713,1.88764,1.88796,1.00,1.00
2017.11.03 04:01:12.848,1.88759,1.88793,1.00,1.00
2017.11.03 04:01:14.326,1.88757,1.88785,1.00,1.00
2017.11.03 04:01:14.377,1.88751,1.88785,1.87,1.00
2017.11.03 04:01:14.429,1.88751,1.88783,1.00,1.00
2017.11.03 04:01:14.480,1.88745,1.88784,1.00,1.00
2017.11.03 04:01:14.531,1.88745,1.88787,1.00,1.00
2017.11.03 04:01:14.841,1.88747,1.88786,1.00,1.00
2017.11.03 04:01:15.486,1.88748,1.88786,1.00,1.00
2017.11.03 04:01:15.831,1.88766,1.88802,1.00,1.00
2017.11.03 04:01:16.137,1.88752,1.88787,1.00,1.00
2017.11.03 04:01:16.456,1.88755,1.88789,1.00,1.00
2017.11.03 04:01:16.744,1.88756,1.88791,1.00,1.00
2017.11.03 04:01:16.795,1.88756,1.88789,1.00,1.00
2017.11.03 04:01:17.135,1.88746,1.88783,1.00,1.00
2017.11.03 04:01:17.187,1.88746,1.8878,1.00,1.00
2017.11.03 04:01:17.289,1.88744,1.88783,1.50,1.00
2017.11.03 04:01:17.340,1.88744,1.88785,1.50,1.00
2017.11.03 04:01:17.914,1.88744,1.88784,1.50,1.00
2017.11.03 04:01:17.965,1.88745,1.88781,1.00,1.00
2017.11.03 04:01:18.957,1.88744,1.88781,1.00,1.00
2017.11.03 04:01:19.764,1.88745,1.8878,1.00,1.00
2017.11.03 04:01:20.364,1.88745,1.88781,1.00,1.00
2017.11.03 04:01:21.872,1.88745,1.8878,1.00,1.00
2017.11.03 04:01:22.186,1.88745,1.88778,1.00,1.00
2017.11.03 04:01:24.300,1.88739,1.88781,1.00,1.00
2017.11.03 04:01:24.351,1.88742,1.88781,1.00,1.00
2017.11.03 04:01:24.857,1.88742,1.88782,1.00,1.00
2017.11.03 04:01:25.194,1.88733,1.8877,1.00,1.00
2017.11.03 04:01:25.518,1.88727,1.88764,1.00,1.00
2017.11.03 04:01:26.061,1.88728,1.88764,1.00,1.00
2017.11.03 04:01:26.280,1.88728,1.88766,1.00,1.00
2017.11.03 04:01:26.767,1.88723,1.88766,1.00,1.00
2017.11.03 04:01:27.370,1.88724,1.88766,1.00,1.00
2017.11.03 04:01:28.097,1.88723,1.88766,1.50,1.00
2017.11.03 04:01:28.258,1.88723,1.88764,1.50,1.00
2017.11.03 04:01:31.822,1.88723,1.88762,1.00,1.00
2017.11.03 04:01:34.696,1.88724,1.88762,1.00,1.00
2017.11.03 04:01:37.220,1.88724,1.88765,1.00,1.00
2017.11.03 04:01:38.333,1.88723,1.88765,1.00,1.00
2017.11.03 04:01:40.426,1.88724,1.88765,1.00,1.00
2017.11.03 04:01:40.988,1.88723,1.88765,1.00,1.00
2017.11.03 04:01:44.037,1.88719,1.88762,1.00,1.00
2017.11.03 04:01:44.608,1.88719,1.88763,1.00,1.00
2017.11.03 04:01:45.322,1.88718,1.88762,1.50,1.00
2017.11.03 04:01:45.954,1.88718,1.88761,1.00,1.00
2017.11.03 04:01:47.377,1.88721,1.88761,1.00,1.00
2017.11.03 04:01:53.324,1.88721,1.8876,1.00,1.00
2017.11.03 04:01:53.849,1.88721,1.88761,1.00,1.00
2017.11.03 04:01:54.438,1.88721,1.88762,1.00,1.00
2017.11.03 04:01:55.873,1.88721,1.88763,1.00,1.00
2017.11.03 04:01:55.924,1.88721,1.88766,1.00,1.00
2017.11.03 04:01:56.296,1.88721,1.88764,1.50,1.00
2017.11.03 04:01:56.863,1.88721,1.88763,1.00,1.00
2017.11.03 04:02:00.137,1.88722,1.88766,1.00,1.00
2017.11.03 04:02:02.453,1.88722,1.88768,1.00,1.50
2017.11.03 04:02:05.848,1.88725,1.88769,1.00,1.50
2017.11.03 04:02:06.619,1.88724,1.88768,1.00,1.00
2017.11.03 04:02:07.573,1.88724,1.88767,1.00,1.00
2017.11.03 04:02:10.917,1.88724,1.88768,1.00,1.00
2017.11.03 04:02:11.534,1.88724,1.8877,1.00,1.00
2017.11.03 04:02:12.046,1.88724,1.88769,1.00,1.00
2017.11.03 04:02:12.185,1.88726,1.88771,1.00,1.50
2017.11.03 04:02:12.236,1.88724,1.8877,1.00,1.00
2017.11.03 04:02:12.286,1.88726,1.8877,1.00,1.00
2017.11.03 04:02:13.929,1.88724,1.8877,1.00,1.00
2017.11.03 04:02:13.980,1.88726,1.8877,1.00,1.00
2017.11.03 04:02:14.322,1.88719,1.88763,1.00,1.50
2017.11.03 04:02:15.810,1.88718,1.88763,1.00,1.50
2017.11.03 04:02:16.144,1.88718,1.88761,1.00,1.00
2017.11.03 04:02:16.793,1.88718,1.8876,1.00,1.00
2017.11.03 04:02:17.320,1.88717,1.8876,1.00,1.00
2017.11.03 04:02:19.665,1.88718,1.8876,1.00,1.00
2017.11.03 04:02:22.492,1.88715,1.88759,1.00,1.00
2017.11.03 04:02:22.594,1.88713,1.88759,1.50,1.00
2017.11.03 04:02:22.827,1.88715,1.88761,1.00,1.00
2017.11.03 04:02:23.253,1.88715,1.88759,1.00,1.00
2017.11.03 04:02:23.405,1.88716,1.88762,1.00,1.50
2017.11.03 04:02:24.688,1.88717,1.88762,1.00,1.50
2017.11.03 04:02:25.206,1.88716,1.88762,1.00,1.00
2017.11.03 04:02:26.915,1.88718,1.88762,1.00,1.00
2017.11.03 04:02:29.106,1.88716,1.88762,1.00,1.00
2017.11.03 04:02:32.268,1.88715,1.88758,1.00,1.00
2017.11.03 04:02:33.236,1.88714,1.8876,1.00,1.00
2017.11.03 04:02:38.229,1.88715,1.8876,1.00,1.00
2017.11.03 04:02:39.345,1.88717,1.8876,1.00,1.00
2017.11.03 04:02:41.266,1.88718,1.8876,1.00,1.00
2017.11.03 04:02:42.741,1.88718,1.88761,1.00,1.00
2017.11.03 04:02:43.382,1.88717,1.88761,1.50,1.00
2017.11.03 04:02:43.861,1.88717,1.88759,1.00,1.00
2017.11.03 04:02:43.963,1.88717,1.88762,1.00,1.00
2017.11.03 04:02:46.136,1.88718,1.8876,1.00,1.00
2017.11.03 04:02:46.655,1.88718,1.88761,1.00,1.00
2017.11.03 04:02:48.469,1.88717,1.88761,1.00,1.00
2017.11.03 04:02:48.773,1.88718,1.88759,1.00,1.00
2017.11.03 04:02:49.655,1.88717,1.88759,1.00,1.00
2017.11.03 04:02:54.853,1.88718,1.88759,1.00,1.00
2017.11.03 04:02:54.955,1.88718,1.88762,1.50,1.00
2017.11.03 04:02:55.006,1.88715,1.88759,1.00,1.00
2017.11.03 04:02:55.210,1.88712,1.88757,2.25,1.00
2017.11.03 04:02:55.263,1.88717,1.88761,1.00,1.00
2017.11.03 04:02:55.415,1.88714,1.8876,1.00,1.00
2017.11.03 04:02:55.466,1.88718,1.88761,1.00,1.00
2017.11.03 04:02:57.436,1.88719,1.88762,1.00,1.00
2017.11.03 04:02:57.968,1.8872,1.88763,1.00,1.00
2017.11.03 04:02:58.488,1.88721,1.88764,1.00,1.00
2017.11.03 04:02:59.723,1.8872,1.88766,1.00,1.00
2017.11.03 04:03:03.463,1.88721,1.88767,1.00,1.00
2017.11.03 04:03:03.565,1.88723,1.88767,1.00,1.00
2017.11.03 04:03:03.667,1.88721,1.88766,1.00,1.00
2017.11.03 04:03:04.179,1.8872,1.88766,1.00,1.00
2017.11.03 04:03:06.808,1.88721,1.88764,1.00,1.00
2017.11.03 04:03:13.675,1.88718,1.88761,1.00,1.00
2017.11.03 04:03:13.726,1.88716,1.88761,1.50,1.00
2017.11.03 04:03:14.182,1.88719,1.88764,1.00,1.00
2017.11.03 04:03:14.808,1.88721,1.88765,1.00,1.00
2017.11.03 04:03:15.867,1.88722,1.88765,1.00,1.00
2017.11.03 04:03:15.918,1.88721,1.88767,1.00,1.00
2017.11.03 04:03:16.734,1.88721,1.88766,1.00,1.00
2017.11.03 04:03:23.393,1.88721,1.88765,1.00,1.00
2017.11.03 04:03:25.729,1.88721,1.88767,1.00,1.00
2017.11.03 04:03:28.557,1.88722,1.88765,1.00,1.00
2017.11.03 04:03:28.728,1.8872,1.88764,1.00,1.00
2017.11.03 04:03:29.405,1.8872,1.88765,1.00,1.00
2017.11.03 04:03:30.023,1.88721,1.88765,1.00,1.00
2017.11.03 04:03:31.154,1.88722,1.88767,1.00,1.00
2017.11.03 04:03:31.640,1.88728,1.88771,1.00,1.00
2017.11.03 04:03:31.692,1.88732,1.88776,1.00,1.00
2017.11.03 04:03:32.265,1.88733,1.88776,1.00,1.00
2017.11.03 04:03:32.634,1.88732,1.88778,1.00,1.00
2017.11.03 04:03:32.736,1.88732,1.88775,1.00,1.00
2017.11.03 04:03:43.567,1.88731,1.88776,1.00,1.00
2017.11.03 04:03:43.668,1.88729,1.88775,1.00,1.00
2017.11.03 04:03:43.719,1.88729,1.88773,1.00,1.00
2017.11.03 04:03:43.770,1.88729,1.88775,1.00,1.00
2017.11.03 04:03:43.821,1.88729,1.88773,1.00,1.00
2017.11.03 04:03:44.567,1.88729,1.88774,1.00,1.00
2017.11.03 04:03:44.871,1.88729,1.88772,1.37,1.00
2017.11.03 04:03:46.753,1.88731,1.88774,1.12,1.00
2017.11.03 04:03:47.512,1.88732,1.88773,1.37,1.00
2017.11.03 04:03:47.666,1.88733,1.88776,1.00,1.00
2017.11.03 04:03:47.718,1.88733,1.88768,1.00,1.00
2017.11.03 04:03:47.770,1.88733,1.88771,1.00,1.00
2017.11.03 04:03:47.822,1.88728,1.88771,1.00,1.00
2017.11.03 04:03:47.979,1.88728,1.88769,1.00,1.00
2017.11.03 04:03:48.335,1.88726,1.88768,1.00,1.00
2017.11.03 04:03:48.539,1.88722,1.88758,1.00,1.00
2017.11.03 04:03:48.590,1.8872,1.88759,1.00,1.00
2017.11.03 04:03:48.693,1.88718,1.88759,1.00,1.00
2017.11.03 04:03:49.340,1.88718,1.88758,1.00,1.00
2017.11.03 04:03:49.851,1.88718,1.8876,1.00,1.00
2017.11.03 04:03:50.858,1.8872,1.88757,1.00,1.00
2017.11.03 04:03:50.910,1.88718,1.88758,1.00,1.00
2017.11.03 04:03:50.962,1.88716,1.88758,1.00,1.00
2017.11.03 04:03:51.478,1.88716,1.88757,1.00,1.00
2017.11.03 04:03:52.880,1.88715,1.88757,1.00,1.00
2017.11.03 04:03:54.445,1.88717,1.88757,1.00,1.00
2017.11.03 04:03:54.996,1.88717,1.88756,1.00,1.00
2017.11.03 04:03:55.327,1.88709,1.88748,1.00,1.00
2017.11.03 04:03:55.583,1.88702,1.88742,1.00,1.00
2017.11.03 04:03:55.852,1.88704,1.88746,1.00,1.00
2017.11.03 04:03:56.376,1.88705,1.88747,1.00,1.00
2017.11.03 04:03:57.087,1.88705,1.88749,1.00,1.00
2017.11.03 04:03:57.672,1.88705,1.88748,1.00,1.00
2017.11.03 04:03:58.222,1.88704,1.88749,1.00,1.00
2017.11.03 04:03:58.539,1.88704,1.88743,1.00,1.00
2017.11.03 04:03:58.590,1.88702,1.88742,1.00,1.00
2017.11.03 04:03:58.641,1.88701,1.88745,1.00,1.00
2017.11.03 04:03:59.412,1.88702,1.88746,1.00,1.50
2017.11.03 04:04:00.021,1.88701,1.88746,1.00,1.50
2017.11.03 04:04:00.938,1.88701,1.88745,1.00,1.00
2017.11.03 04:04:01.987,1.88696,1.88732,1.12,1.00
2017.11.03 04:04:02.039,1.88698,1.88738,1.00,1.00
2017.11.03 04:04:02.140,1.88703,1.88744,1.00,1.00
2017.11.03 04:04:02.192,1.88709,1.8875,1.00,1.37
2017.11.03 04:04:02.243,1.88709,1.88753,1.00,1.50
2017.11.03 04:04:02.600,1.88706,1.8875,1.00,1.00
2017.11.03 04:04:02.703,1.88703,1.88747,1.00,1.00
2017.11.03 04:04:03.635,1.88702,1.88747,1.00,1.50
2017.11.03 04:04:04.191,1.88708,1.8875,1.00,1.00
2017.11.03 04:04:04.736,1.88705,1.8875,1.00,1.50
2017.11.03 04:04:04.787,1.88704,1.88748,1.00,1.00
2017.11.03 04:04:05.135,1.88702,1.88745,1.00,1.00
2017.11.03 04:04:07.224,1.88702,1.88746,1.00,1.50
2017.11.03 04:04:08.682,1.88703,1.88746,1.00,1.50
2017.11.03 04:04:09.396,1.88703,1.88745,1.00,1.00
2017.11.03 04:04:09.738,1.88688,1.88728,1.87,1.00
2017.11.03 04:04:10.688,1.88688,1.88726,1.87,1.00
2017.11.03 04:04:10.790,1.88684,1.88724,1.87,1.00
2017.11.03 04:04:11.190,1.88687,1.88723,1.87,1.00
2017.11.03 04:04:11.241,1.88687,1.88725,1.87,1.00
2017.11.03 04:04:13.006,1.88687,1.88726,1.87,1.00
2017.11.03 04:04:13.432,1.88684,1.88726,1.87,1.00
2017.11.03 04:04:13.483,1.88677,1.88721,2.62,1.00
2017.11.03 04:04:13.534,1.88673,1.88716,1.87,1.00
2017.11.03 04:04:13.585,1.88669,1.88713,1.37,1.00
2017.11.03 04:04:13.788,1.88667,1.8871,1.12,1.00
2017.11.03 04:04:13.839,1.88661,1.88692,1.87,1.00
2017.11.03 04:04:14.023,1.88661,1.88694,1.87,1.00
2017.11.03 04:04:14.634,1.88661,1.88692,1.87,1.00
2017.11.03 04:04:14.962,1.88657,1.88689,1.87,1.00
2017.11.03 04:04:15.266,1.88657,1.88687,1.87,1.00
2017.11.03 04:04:15.368,1.88654,1.88687,1.87,1.00
2017.11.03 04:04:15.538,1.88651,1.88686,1.87,1.00
2017.11.03 04:04:16.253,1.8865,1.88686,1.87,1.00
2017.11.03 04:04:18.160,1.88644,1.88673,1.00,1.00
2017.11.03 04:04:18.211,1.88637,1.88672,1.87,1.00
2017.11.03 04:04:18.262,1.88637,1.8867,1.87,1.00
2017.11.03 04:04:18.874,1.88635,1.8867,1.87,1.00
2017.11.03 04:04:19.421,1.88634,1.8867,1.87,1.00
2017.11.03 04:04:20.885,1.88646,1.88682,1.87,1.00
2017.11.03 04:04:20.937,1.88646,1.88684,2.62,1.00
2017.11.03 04:04:20.988,1.88651,1.88685,1.87,1.00
2017.11.03 04:04:21.301,1.88655,1.88689,1.87,1.00
2017.11.03 04:04:21.925,1.88655,1.88687,1.87,1.00
2017.11.03 04:04:22.631,1.88655,1.88686,1.87,1.00
2017.11.03 04:04:24.461,1.88654,1.88686,1.87,1.00
2017.11.03 04:04:24.770,1.88659,1.88688,1.87,1.00
2017.11.03 04:04:24.872,1.8867,1.88698,1.37,1.00
2017.11.03 04:04:24.923,1.88681,1.88717,1.87,1.00
2017.11.03 04:04:24.974,1.88682,1.88725,2.62,1.00
2017.11.03 04:04:25.026,1.88687,1.88728,1.87,1.00
2017.11.03 04:04:25.351,1.88684,1.88717,1.37,1.00
2017.11.03 04:04:25.915,1.88681,1.88716,1.87,1.00
2017.11.03 04:04:26.278,1.88684,1.88716,1.87,1.00
2017.11.03 04:04:26.457,1.8868,1.88714,1.87,1.00
2017.11.03 04:04:26.610,1.88681,1.88712,1.87,1.00
2017.11.03 04:04:27.463,1.88683,1.88713,1.87,1.00
2017.11.03 04:04:28.060,1.88683,1.88714,1.87,1.00
2017.11.03 04:04:28.731,1.88683,1.88713,1.87,1.00
2017.11.03 04:04:28.896,1.88679,1.88712,1.87,1.00
2017.11.03 04:04:29.972,1.88671,1.8871,1.87,1.00
2017.11.03 04:04:30.023,1.8867,1.88703,1.37,1.00
2017.11.03 04:04:30.074,1.88659,1.88702,1.37,1.00
2017.11.03 04:04:30.126,1.88658,1.88699,1.87,1.00
2017.11.03 04:04:30.488,1.88663,1.88695,1.87,1.00
2017.11.03 04:04:31.060,1.88663,1.88696,1.87,1.00
2017.11.03 04:04:31.381,1.88663,1.88694,1.87,1.00
2017.11.03 04:04:31.835,1.88663,1.88692,1.87,1.00
2017.11.03 04:04:33.313,1.88663,1.88693,1.87,1.00
2017.11.03 04:04:34.969,1.88659,1.88693,1.87,1.00
2017.11.03 04:04:35.879,1.88658,1.88693,1.87,1.00
2017.11.03 04:04:36.119,1.88658,1.88691,1.87,1.00
2017.11.03 04:04:38.549,1.88658,1.88692,1.87,1.00
2017.11.03 04:04:38.600,1.8865,1.88692,1.87,1.00
2017.11.03 04:04:39.322,1.8865,1.88691,1.87,1.00
2017.11.03 04:04:40.115,1.88649,1.88691,1.87,1.00
2017.11.03 04:04:41.808,1.88654,1.88692,1.87,1.00
2017.11.03 04:04:45.880,1.88656,1.88692,1.87,1.00
2017.11.03 04:04:49.460,1.88656,1.88693,1.87,1.00
2017.11.03 04:04:49.664,1.88683,1.88724,1.87,1.00
2017.11.03 04:04:51.165,1.88686,1.88724,1.87,1.00
2017.11.03 04:04:51.506,1.8869,1.88726,1.87,1.00
2017.11.03 04:04:55.801,1.8869,1.88725,1.87,1.00
2017.11.03 04:04:56.136,1.8869,1.8872,1.87,1.00
2017.11.03 04:04:56.188,1.88687,1.8872,1.87,1.00
2017.11.03 04:04:57.410,1.88687,1.88722,1.87,1.00
2017.11.03 04:04:57.489,1.88687,1.8872,1.87,1.00
2017.11.03 04:04:59.942,1.88685,1.8872,1.87,1.00
2017.11.03 04:05:00.137,1.88685,1.88723,1.87,1.00
2017.11.03 04:05:00.189,1.88688,1.8873,1.37,1.00
2017.11.03 04:05:01.132,1.88687,1.88729,1.37,1.00
2017.11.03 04:05:02.098,1.88687,1.88729,1.37,1.00
2017.11.03 04:05:02.200,1.88685,1.88729,1.00,1.00
2017.11.03 04:05:02.470,1.88687,1.88729,1.00,1.00
2017.11.03 04:05:03.122,1.88688,1.8873,1.00,1.00
2017.11.03 04:05:03.524,1.88686,1.8873,1.00,1.00
2017.11.03 04:05:04.500,1.88687,1.88731,1.00,1.12
2017.11.03 04:05:04.754,1.8869,1.88732,1.00,1.00
2017.11.03 04:05:05.690,1.88689,1.88731,1.00,1.00
2017.11.03 04:05:05.741,1.88686,1.8873,1.00,1.12
2017.11.03 04:05:09.619,1.88688,1.8873,1.00,1.00
2017.11.03 04:05:10.103,1.8869,1.88732,1.00,1.00
2017.11.03 04:05:11.768,1.8869,1.88734,1.00,1.00
2017.11.03 04:05:11.819,1.8869,1.88732,1.00,1.00
2017.11.03 04:05:11.870,1.8869,1.88734,1.00,1.00
2017.11.03 04:05:12.718,1.88691,1.88735,1.00,1.00
2017.11.03 04:05:12.871,1.88695,1.88737,1.00,2.25
2017.11.03 04:05:13.110,1.887,1.88743,1.00,1.00
2017.11.03 04:05:13.212,1.88699,1.8874,1.00,1.00
2017.11.03 04:05:13.420,1.88694,1.88736,1.00,1.00
2017.11.03 04:05:13.471,1.88692,1.88734,1.00,1.00
2017.11.03 04:05:13.991,1.88692,1.88736,1.00,1.87
2017.11.03 04:05:14.043,1.88694,1.88735,1.00,1.00
2017.11.03 04:05:14.997,1.88685,1.88729,1.37,1.00
2017.11.03 04:05:15.149,1.88677,1.88719,1.37,1.00
2017.11.03 04:05:15.303,1.88674,1.88717,1.87,1.00
2017.11.03 04:05:15.354,1.88677,1.88721,1.12,1.00
2017.11.03 04:05:16.155,1.88678,1.88722,1.00,1.00
2017.11.03 04:05:18.326,1.88681,1.88725,1.00,1.00
2017.11.03 04:05:18.927,1.88682,1.88725,1.00,1.00
2017.11.03 04:05:21.055,1.88682,1.88726,1.00,1.50
2017.11.03 04:05:21.360,1.8868,1.88723,1.00,1.50
2017.11.03 04:05:21.960,1.8868,1.88722,1.00,1.00
2017.11.03 04:05:22.803,1.88679,1.88721,1.00,1.00
2017.11.03 04:05:33.654,1.88682,1.88726,1.00,1.12
2017.11.03 04:05:41.005,1.8868,1.88724,1.12,1.00
2017.11.03 04:05:43.156,1.88678,1.88721,1.00,1.00
2017.11.03 04:05:43.464,1.8868,1.88721,1.00,1.00
2017.11.03 04:05:43.566,1.88679,1.88723,1.00,1.00
2017.11.03 04:05:46.180,1.88677,1.88721,1.37,1.00
2017.11.03 04:05:49.821,1.88679,1.8872,1.00,1.00
2017.11.03 04:05:50.164,1.88677,1.8872,1.12,1.00
2017.11.03 04:05:50.591,1.88677,1.88718,1.12,1.00
2017.11.03 04:05:50.858,1.88678,1.8872,1.00,1.00
2017.11.03 04:05:51.185,1.88678,1.88722,1.00,1.00
2017.11.03 04:05:51.236,1.88677,1.88719,1.12,1.00
2017.11.03 04:05:51.287,1.88678,1.88722,1.00,1.12
2017.11.03 04:05:54.377,1.88677,1.88721,1.37,1.00
2017.11.03 04:05:54.529,1.88677,1.88719,1.37,1.00
2017.11.03 04:05:55.087,1.88678,1.8872,1.12,1.00
2017.11.03 04:05:57.220,1.88676,1.8872,1.37,1.00
2017.11.03 04:05:57.598,1.88677,1.8872,1.87,1.00
2017.11.03 04:06:00.427,1.88676,1.8872,2.62,1.00
2017.11.03 04:06:01.944,1.88677,1.88719,1.37,1.00
2017.11.03 04:06:02.279,1.88678,1.88721,1.37,1.00
2017.11.03 04:06:03.067,1.88679,1.8872,1.12,1.00
2017.11.03 04:06:05.714,1.88677,1.88721,1.37,1.00
2017.11.03 04:06:05.942,1.88677,1.88719,1.37,1.00
2017.11.03 04:06:06.185,1.88677,1.88721,1.37,1.00
2017.11.03 04:06:06.236,1.88677,1.88719,1.37,1.00
2017.11.03 04:06:06.339,1.88678,1.88722,1.37,1.00
2017.11.03 04:06:06.441,1.88677,1.88719,1.37,1.00
2017.11.03 04:06:06.927,1.88678,1.88721,1.37,1.00
2017.11.03 04:06:07.762,1.88678,1.8872,1.37,1.00
2017.11.03 04:06:09.226,1.88678,1.88722,1.37,1.00
2017.11.03 04:06:09.277,1.88676,1.8872,1.37,1.00
2017.11.03 04:06:12.978,1.88676,1.8872,1.37,1.00
2017.11.03 04:06:13.299,1.88674,1.88718,3.37,1.00
2017.11.03 04:06:13.856,1.88676,1.88717,1.37,1.00
2017.11.03 04:06:14.737,1.88675,1.88718,1.37,1.00
2017.11.03 04:06:15.728,1.88675,1.88718,1.00,1.00
2017.11.03 04:06:15.830,1.88674,1.88716,1.12,1.00
2017.11.03 04:06:16.137,1.88666,1.8871,1.37,1.00
2017.11.03 04:06:16.188,1.88668,1.88712,1.37,1.00
2017.11.03 04:06:17.023,1.8867,1.88711,1.00,1.00
2017.11.03 04:06:17.724,1.8867,1.88712,1.00,1.00
2017.11.03 04:06:21.510,1.88671,1.88713,1.00,1.00
2017.11.03 04:06:21.841,1.88671,1.88715,1.00,1.00
2017.11.03 04:06:24.799,1.88671,1.88713,1.00,1.00
2017.11.03 04:06:30.528,1.88671,1.88713,1.37,1.00
2017.11.03 04:06:32.273,1.8867,1.88714,1.37,1.00
2017.11.03 04:06:33.351,1.88669,1.88713,1.37,1.00
2017.11.03 04:06:34.761,1.88671,1.88714,1.37,1.00
2017.11.03 04:06:42.930,1.88671,1.88715,1.00,1.00
2017.11.03 04:06:43.646,1.8867,1.88714,1.00,1.00
2017.11.03 04:06:44.333,1.8867,1.88713,1.00,1.00
2017.11.03 04:06:44.857,1.8867,1.88714,1.00,1.00
2017.11.03 04:06:52.505,1.8867,1.88712,1.00,1.00
2017.11.03 04:06:55.163,1.88671,1.88713,1.12,1.00
2017.11.03 04:06:55.470,1.88675,1.88717,1.00,1.00
2017.11.03 04:06:55.897,1.88673,1.88715,1.00,1.00
2017.11.03 04:06:56.336,1.8867,1.88712,1.37,1.00
2017.11.03 04:06:56.986,1.8867,1.88714,1.37,1.00
2017.11.03 04:06:59.024,1.88671,1.88712,1.37,1.00
2017.11.03 04:06:59.529,1.88672,1.88713,1.37,1.00
2017.11.03 04:07:09.828,1.88671,1.88713,1.37,1.00
2017.11.03 04:07:11.003,1.88668,1.88712,2.62,1.00
2017.11.03 04:07:12.228,1.8867,1.88714,1.37,1.00
2017.11.03 04:07:12.734,1.8867,1.88714,1.37,1.00
2017.11.03 04:07:12.836,1.88666,1.88707,1.37,1.00
2017.11.03 04:07:12.887,1.88667,1.88711,1.37,1.00
2017.11.03 04:07:12.989,1.88665,1.88703,1.87,1.00
2017.11.03 04:07:13.040,1.88669,1.88711,1.37,1.00
2017.11.03 04:07:13.141,1.88669,1.88713,1.37,1.00
2017.11.03 04:07:13.573,1.88671,1.88715,1.00,1.00
2017.11.03 04:07:17.252,1.88671,1.88713,1.00,1.00
2017.11.03 04:07:27.355,1.88672,1.88714,1.00,1.00
2017.11.03 04:07:27.457,1.88673,1.88717,1.00,1.00
2017.11.03 04:07:27.676,1.88672,1.88715,1.00,1.00
2017.11.03 04:07:33.800,1.88672,1.88716,1.00,1.00
2017.11.03 04:07:37.870,1.88673,1.88717,1.00,1.00
2017.11.03 04:07:41.999,1.88673,1.88715,1.00,1.00
2017.11.03 04:07:42.606,1.88673,1.88715,1.37,1.00
2017.11.03 04:07:42.731,1.88666,1.88708,1.50,1.00
2017.11.03 04:07:42.833,1.88664,1.88706,1.00,1.00
2017.11.03 04:07:42.935,1.88661,1.88705,1.37,1.00
2017.11.03 04:07:43.088,1.8866,1.88702,1.37,1.00
2017.11.03 04:07:47.808,1.88661,1.88703,1.12,1.00
2017.11.03 04:07:47.960,1.88662,1.88706,1.00,1.00
2017.11.03 04:07:53.287,1.88663,1.88707,1.00,1.00
2017.11.03 04:07:53.462,1.88666,1.8871,1.37,1.00
2017.11.03 04:07:53.868,1.88675,1.88717,1.00,1.00
2017.11.03 04:07:58.586,1.88674,1.88719,1.37,1.00
2017.11.03 04:08:04.570,1.88675,1.8872,1.00,1.00
2017.11.03 04:08:12.180,1.88674,1.88717,1.00,1.00
2017.11.03 04:08:12.231,1.88672,1.88717,1.00,1.00
2017.11.03 04:08:12.379,1.88665,1.88705,1.00,1.00
2017.11.03 04:08:12.430,1.8866,1.88705,1.00,1.37
2017.11.03 04:08:13.112,1.88661,1.88705,1.00,1.37
2017.11.03 04:08:13.217,1.88667,1.88709,1.00,1.00
2017.11.03 04:08:13.268,1.8867,1.88709,1.12,1.00
2017.11.03 04:08:13.319,1.88672,1.88714,1.00,1.00
2017.11.03 04:08:13.623,1.88673,1.88717,1.00,1.00
2017.11.03 04:08:16.180,1.88675,1.88717,1.00,1.00
2017.11.03 04:08:20.042,1.88674,1.88717,1.12,1.00
2017.11.03 04:08:20.093,1.88674,1.88719,1.12,1.00
2017.11.03 04:08:20.598,1.88675,1.88719,1.00,1.00
2017.11.03 04:08:21.823,1.88676,1.88719,1.00,1.00
2017.11.03 04:08:21.874,1.88676,1.88721,1.00,1.00
2017.11.03 04:08:23.350,1.88676,1.8872,1.00,1.00
2017.11.03 04:08:23.887,1.88676,1.88721,1.00,1.00
2017.11.03 04:08:24.389,1.88676,1.88719,1.00,1.00
2017.11.03 04:08:24.938,1.88677,1.8872,1.00,1.00
2017.11.03 04:08:40.609,1.88668,1.88707,1.00,1.00
2017.11.03 04:08:40.660,1.88666,1.88711,1.00,1.00
2017.11.03 04:08:40.711,1.88668,1.88711,1.00,1.50
2017.11.03 04:08:41.248,1.88668,1.8871,1.00,1.00
2017.11.03 04:08:44.672,1.88668,1.88713,1.00,1.37
2017.11.03 04:08:46.368,1.88668,1.88713,1.00,1.00
2017.11.03 04:08:46.858,1.8867,1.88713,1.00,1.00
2017.11.03 04:08:47.533,1.8867,1.88713,1.00,1.37
2017.11.03 04:08:50.174,1.8867,1.88713,1.00,1.37
2017.11.03 04:08:50.966,1.8867,1.88713,1.00,1.37
2017.11.03 04:08:51.559,1.8867,1.88713,1.00,1.00
2017.11.03 04:08:54.419,1.88668,1.88713,1.00,1.00
2017.11.03 04:08:54.470,1.88665,1.88709,1.00,1.00
2017.11.03 04:08:54.521,1.88668,1.88713,1.00,1.00
2017.11.03 04:08:54.623,1.88672,1.88715,1.00,1.00
2017.11.03 04:08:55.134,1.88675,1.88718,1.00,1.00
2017.11.03 04:08:59.878,1.88688,1.88724,1.00,1.00
2017.11.03 04:08:59.930,1.88683,1.88727,1.12,1.00
2017.11.03 04:09:00.032,1.88679,1.88725,1.87,1.00
2017.11.03 04:09:00.379,1.8868,1.88723,1.37,1.00
2017.11.03 04:09:01.094,1.88679,1.88722,1.37,1.00
2017.11.03 04:09:01.741,1.88679,1.88722,1.12,1.00
2017.11.03 04:09:01.844,1.88676,1.88719,1.12,1.00
2017.11.03 04:09:02.212,1.88671,1.88711,1.87,1.00
2017.11.03 04:09:02.365,1.88664,1.88706,1.12,1.00
2017.11.03 04:09:02.416,1.88662,1.88698,1.50,1.00
2017.11.03 04:09:02.467,1.88659,1.88699,1.00,1.00
2017.11.03 04:09:02.518,1.88658,1.88695,1.00,1.00
2017.11.03 04:09:02.682,1.88647,1.88689,1.37,1.00
2017.11.03 04:09:02.733,1.88647,1.88687,1.37,1.00
2017.11.03 04:09:02.942,1.88643,1.88683,1.37,1.00
2017.11.03 04:09:03.466,1.8864,1.88684,1.37,1.00
2017.11.03 04:09:04.258,1.8864,1.88684,1.37,1.00
2017.11.03 04:09:04.310,1.8864,1.88682,1.37,1.00
2017.11.03 04:09:04.881,1.8864,1.88683,1.37,1.00
2017.11.03 04:09:08.889,1.8864,1.88682,1.00,1.00
2017.11.03 04:09:08.990,1.88639,1.8868,1.00,1.00
2017.11.03 04:09:09.295,1.88631,1.88676,2.62,1.00
2017.11.03 04:09:10.348,1.88632,1.88674,1.37,1.00
2017.11.03 04:09:10.652,1.88625,1.88668,1.87,1.00
2017.11.03 04:09:11.177,1.88625,1.88667,1.37,1.00
2017.11.03 04:09:11.710,1.88623,1.88667,1.87,1.00
2017.11.03 04:09:12.613,1.88622,1.88667,2.62,1.00
2017.11.03 04:09:12.665,1.88623,1.88666,1.00,1.00
2017.11.03 04:09:12.766,1.8862,1.88665,1.12,1.00
2017.11.03 04:09:12.868,1.88622,1.88665,1.00,1.00
2017.11.03 04:09:13.181,1.88623,1.88668,1.37,1.00
2017.11.03 04:09:15.230,1.88623,1.88666,1.37,1.00
2017.11.03 04:09:19.056,1.88622,1.88665,1.37,1.00
2017.11.03 04:09:19.158,1.88621,1.88667,1.37,1.00
2017.11.03 04:09:19.209,1.88622,1.88665,1.37,1.00
2017.11.03 04:09:19.609,1.88627,1.8867,1.00,1.00
2017.11.03 04:09:20.587,1.88627,1.88672,1.00,1.00
2017.11.03 04:09:21.777,1.88629,1.88672,1.00,1.00
2017.11.03 04:09:22.178,1.88639,1.88683,1.37,1.12
2017.11.03 04:09:25.510,1.8864,1.88683,1.00,1.37
2017.11.03 04:09:26.173,1.8864,1.88683,1.37,1.00
2017.11.03 04:09:29.186,1.88639,1.88682,1.37,1.00
2017.11.03 04:09:32.925,1.88639,1.88683,1.37,1.00
2017.11.03 04:09:33.139,1.88632,1.88677,1.00,1.12
2017.11.03 04:09:33.190,1.88632,1.88675,1.00,1.00
2017.11.03 04:09:33.528,1.88625,1.88668,1.37,1.00
2017.11.03 04:09:33.844,1.88623,1.88665,2.62,1.00
2017.11.03 04:09:34.335,1.88623,1.88667,1.87,1.00
2017.11.03 04:09:34.838,1.88623,1.88665,1.87,1.00
2017.11.03 04:09:35.092,1.88621,1.88665,1.87,1.00
2017.11.03 04:09:35.754,1.88621,1.88664,1.37,1.00
2017.11.03 04:09:36.981,1.88622,1.88665,1.37,1.00
2017.11.03 04:09:37.376,1.8862,1.88664,1.37,1.00
2017.11.03 04:09:37.428,1.8862,1.88658,1.00,1.00
2017.11.03 04:09:37.530,1.88613,1.88655,1.00,1.00
2017.11.03 04:09:37.581,1.88611,1.88654,1.50,1.00
2017.11.03 04:09:37.632,1.88609,1.88653,1.00,1.00
2017.11.03 04:09:37.684,1.88607,1.8865,1.00,1.00
2017.11.03 04:09:37.735,1.88605,1.88649,1.00,1.00
2017.11.03 04:09:37.948,1.88603,1.88646,1.37,1.00
2017.11.03 04:09:38.484,1.88609,1.88651,1.00,1.00
2017.11.03 04:09:41.553,1.88613,1.88657,1.00,1.37
2017.11.03 04:09:41.605,1.88615,1.88658,1.00,1.00
2017.11.03 04:09:41.656,1.8862,1.88665,1.00,1.00
2017.11.03 04:09:41.707,1.88623,1.88665,1.12,1.00
2017.11.03 04:09:41.758,1.88623,1.88668,1.12,1.00
2017.11.03 04:09:46.103,1.88625,1.8867,1.00,1.00
2017.11.03 04:09:46.516,1.8863,1.88675,1.00,1.00
2017.11.03 04:09:47.058,1.88634,1.88678,1.00,1.00
2017.11.03 04:09:47.369,1.88637,1.8868,1.00,1.00
2017.11.03 04:09:48.512,1.88637,1.88681,1.00,1.00
2017.11.03 04:09:50.044,1.88636,1.88681,1.00,1.00
2017.11.03 04:09:50.457,1.88639,1.88682,1.00,1.00
2017.11.03 04:09:56.024,1.8864,1.88683,1.00,1.37
2017.11.03 04:09:57.709,1.8864,1.88683,1.00,1.37
2017.11.03 04:09:58.511,1.8864,1.88683,1.00,1.37
2017.11.03 04:10:00.068,1.8864,1.88683,1.00,1.37
2017.11.03 04:10:05.844,1.88639,1.88682,1.00,1.37
2017.11.03 04:10:17.297,1.8864,1.88683,1.00,1.37
2017.11.03 04:10:17.973,1.88641,1.88685,1.00,1.87
2017.11.03 04:10:19.377,1.88641,1.88686,1.00,1.37
2017.11.03 04:10:19.884,1.8864,1.88685,1.00,1.12
2017.11.03 04:10:25.110,1.88638,1.88684,1.12,1.00
2017.11.03 04:10:28.037,1.88637,1.88681,1.37,1.00
2017.11.03 04:10:28.088,1.88641,1.88686,1.00,1.87
2017.11.03 04:10:30.339,1.88642,1.88687,1.00,1.37
2017.11.03 04:10:30.390,1.88644,1.88688,1.00,1.87
2017.11.03 04:10:31.551,1.88644,1.88688,1.00,1.87
2017.11.03 04:10:32.271,1.88644,1.88688,1.00,1.37
2017.11.03 04:10:34.331,1.88637,1.88681,1.00,2.62
2017.11.03 04:10:34.382,1.88633,1.88675,1.00,1.00
2017.11.03 04:10:34.434,1.88627,1.88673,2.62,1.00
2017.11.03 04:10:34.968,1.88628,1.88673,2.62,1.00
2017.11.03 04:10:35.040,1.8863,1.88675,1.37,1.00
2017.11.03 04:10:35.504,1.88635,1.88675,1.87,1.00
2017.11.03 04:10:35.555,1.88641,1.88686,1.00,1.87
2017.11.03 04:10:36.076,1.8864,1.88685,1.12,1.00
2017.11.03 04:10:36.614,1.88639,1.88684,1.37,1.00
2017.11.03 04:10:37.005,1.88639,1.88682,1.00,1.00
2017.11.03 04:10:37.606,1.88638,1.88681,1.00,1.00
2017.11.03 04:10:39.174,1.88636,1.88681,1.00,1.00
2017.11.03 04:10:40.456,1.88636,1.88679,1.00,1.00
2017.11.03 04:10:42.907,1.88637,1.8868,1.00,1.00
2017.11.03 04:10:42.959,1.8864,1.88685,1.00,1.00
2017.11.03 04:10:44.652,1.88639,1.88684,1.00,1.00
2017.11.03 04:10:44.703,1.88639,1.88681,1.00,1.00
2017.11.03 04:10:44.754,1.88636,1.88679,1.00,1.00
2017.11.03 04:10:44.805,1.88634,1.88677,1.00,1.00
2017.11.03 04:10:44.907,1.88632,1.88677,1.00,2.25
2017.11.03 04:10:44.958,1.8863,1.88672,1.00,1.00
2017.11.03 04:10:45.232,1.88627,1.88672,1.00,1.00
2017.11.03 04:10:45.755,1.88627,1.88671,1.00,1.00
2017.11.03 04:10:48.007,1.88627,1.8867,1.00,1.00
2017.11.03 04:10:48.058,1.88627,1.88672,1.00,1.00
2017.11.03 04:10:51.538,1.88627,1.8867,1.00,1.00
2017.11.03 04:11:00.586,1.88628,1.88673,1.00,1.50
2017.11.03 04:11:02.095,1.88628,1.88671,1.00,1.50
2017.11.03 04:11:02.609,1.88627,1.8867,1.00,1.00
2017.11.03 04:11:02.780,1.88625,1.88671,1.00,1.50
2017.11.03 04:11:02.831,1.88624,1.88668,1.00,1.00
2017.11.03 04:11:02.933,1.88619,1.88665,1.00,1.50
2017.11.03 04:11:03.035,1.88619,1.88663,1.00,1.00
2017.11.03 04:11:03.621,1.88619,1.88662,1.00,1.00
2017.11.03 04:11:04.231,1.88619,1.88663,1.00,1.00
2017.11.03 04:11:04.550,1.8862,1.88665,1.00,1.00
2017.11.03 04:11:04.652,1.88622,1.88667,1.00,1.00
2017.11.03 04:11:05.684,1.88624,1.88669,1.00,1.50
2017.11.03 04:11:31.298,1.88623,1.88668,1.00,1.00
2017.11.03 04:11:31.604,1.8862,1.88662,1.00,1.00
2017.11.03 04:11:32.245,1.8862,1.88663,1.00,1.50
2017.11.03 04:11:33.259,1.8862,1.88662,1.00,1.00
2017.11.03 04:11:33.818,1.8862,1.88663,1.00,1.50
2017.11.03 04:11:34.182,1.88618,1.88662,1.00,1.00
2017.11.03 04:11:34.737,1.88618,1.88663,1.00,1.50
2017.11.03 04:11:39.505,1.88619,1.88663,1.00,1.00
2017.11.03 04:11:40.014,1.88619,1.88662,1.00,1.00
2017.11.03 04:11:40.547,1.88619,1.88663,1.00,1.00
2017.11.03 04:11:44.723,1.88618,1.88663,1.00,1.00
2017.11.03 04:11:49.151,1.88611,1.88657,1.50,1.00
2017.11.03 04:11:49.202,1.88611,1.88652,1.00,1.00
2017.11.03 04:11:49.320,1.88606,1.88652,1.00,1.00
2017.11.03 04:11:49.372,1.88603,1.88647,1.00,1.00
2017.11.03 04:11:50.512,1.88604,1.88647,1.00,1.00
2017.11.03 04:11:51.242,1.88603,1.88647,1.00,1.00
2017.11.03 04:11:51.913,1.88605,1.88647,1.00,1.00
2017.11.03 04:11:53.461,1.88604,1.88648,1.00,1.00
2017.11.03 04:11:57.785,1.88605,1.88648,1.00,1.00
2017.11.03 04:11:58.976,1.88605,1.8865,1.00,1.50
2017.11.03 04:11:59.328,1.88611,1.88654,1.00,1.00
2017.11.03 04:11:59.379,1.88609,1.88654,1.00,1.00
2017.11.03 04:11:59.431,1.8861,1.88652,1.00,1.00
2017.11.03 04:11:59.687,1.8861,1.88654,1.00,1.00
2017.11.03 04:12:01.746,1.88609,1.88654,1.00,1.00
2017.11.03 04:12:02.766,1.8861,1.88653,1.00,1.00
2017.11.03 04:12:02.927,1.88608,1.88654,1.00,1.50
2017.11.03 04:12:07.760,1.88607,1.88653,1.00,1.00
2017.11.03 04:12:09.301,1.88607,1.88652,1.00,1.00
2017.11.03 04:12:09.893,1.88607,1.88653,1.00,1.00
2017.11.03 04:12:18.060,1.88607,1.88652,1.00,1.00
2017.11.03 04:12:21.789,1.88607,1.88653,1.00,1.00
2017.11.03 04:12:27.369,1.88609,1.88653,1.00,1.00
2017.11.03 04:12:29.358,1.88607,1.88651,1.00,1.00
2017.11.03 04:12:31.723,1.88605,1.88651,1.00,1.00
2017.11.03 04:12:33.007,1.88605,1.8865,1.00,1.00
2017.11.03 04:12:41.678,1.88605,1.88649,1.00,1.00
2017.11.03 04:12:41.831,1.88602,1.88648,1.00,1.50
2017.11.03 04:12:43.866,1.88605,1.88649,1.00,1.00
2017.11.03 04:12:43.917,1.88603,1.88648,1.00,1.00
2017.11.03 04:12:44.437,1.88604,1.88649,1.00,1.00
2017.11.03 04:12:49.306,1.88604,1.88648,1.00,1.00
2017.11.03 04:12:52.918,1.88604,1.88649,1.00,1.00
2017.11.03 04:12:53.541,1.88604,1.88648,1.00,1.00
2017.11.03 04:12:54.166,1.88604,1.88649,1.00,1.00
2017.11.03 04:12:56.017,1.88599,1.88643,1.50,1.00
2017.11.03 04:12:56.068,1.88594,1.88639,1.00,1.00
2017.11.03 04:12:56.119,1.88591,1.88638,1.50,1.00
2017.11.03 04:12:56.371,1.88592,1.88636,1.00,1.00
2017.11.03 04:12:56.540,1.8859,1.88637,1.00,1.00
2017.11.03 04:12:56.642,1.88591,1.88635,1.00,1.00
2017.11.03 04:12:56.693,1.88589,1.88635,1.00,1.00
2017.11.03 04:12:56.795,1.88592,1.88636,1.00,1.00
2017.11.03 04:12:57.307,1.88591,1.88637,1.00,1.00
2017.11.03 04:13:01.975,1.88592,1.88637,1.00,1.50
2017.11.03 04:13:02.276,1.8859,1.88637,1.00,1.50
2017.11.03 04:13:02.597,1.88594,1.88639,1.00,1.00
2017.11.03 04:13:02.648,1.88596,1.88642,1.00,1.00
2017.11.03 04:13:02.750,1.88598,1.88642,1.00,1.00
2017.11.03 04:13:02.940,1.88598,1.88644,1.00,1.00
2017.11.03 04:13:05.845,1.88599,1.88643,1.00,1.00
2017.11.03 04:13:06.999,1.88598,1.88643,1.00,1.00
2017.11.03 04:13:09.678,1.88604,1.88644,1.00,1.00
2017.11.03 04:13:12.089,1.88604,1.88645,1.00,1.50
2017.11.03 04:13:17.694,1.88606,1.88645,1.00,1.50
2017.11.03 04:13:18.290,1.88605,1.88645,1.00,1.50
2017.11.03 04:13:18.853,1.88605,1.88643,1.00,1.00
2017.11.03 04:13:31.548,1.88605,1.88644,1.00,1.00
2017.11.03 04:13:31.860,1.88611,1.88652,1.00,1.87
2017.11.03 04:13:32.077,1.88616,1.88657,1.00,1.37
2017.11.03 04:13:32.589,1.88611,1.88656,1.00,1.12
2017.11.03 04:13:32.641,1.88608,1.88655,1.00,1.50
2017.11.03 04:13:32.742,1.8861,1.88655,1.00,1.50
2017.11.03 04:13:32.847,1.88608,1.88655,1.00,1.00
2017.11.03 04:13:32.899,1.8861,1.88655,1.00,1.50
2017.11.03 04:13:33.225,1.88609,1.88652,1.00,1.00
2017.11.03 04:13:34.250,1.8861,1.88652,1.00,1.00
2017.11.03 04:13:34.889,1.88609,1.88652,1.00,1.00
2017.11.03 04:13:35.446,1.88608,1.88651,1.12,1.00
2017.11.03 04:13:37.846,1.88607,1.88651,2.62,1.00
2017.11.03 04:13:37.897,1.88612,1.88656,1.12,1.00
2017.11.03 04:13:38.050,1.88615,1.8866,1.00,1.00
2017.11.03 04:13:38.202,1.88619,1.88661,1.00,1.00
2017.11.03 04:13:38.428,1.8862,1.88664,1.00,1.00
2017.11.03 04:13:39.003,1.88621,1.88665,1.00,1.00
2017.11.03 04:13:39.533,1.88619,1.88665,1.12,1.00
2017.11.03 04:13:40.059,1.8862,1.88665,1.00,1.50
2017.11.03 04:13:42.193,1.8862,1.88664,1.00,1.00
2017.11.03 04:13:44.051,1.8862,1.88666,1.00,1.12
2017.11.03 04:14:00.242,1.88619,1.88666,1.00,1.50
2017.11.03 04:14:00.560,1.88621,1.88666,1.00,1.50
2017.11.03 04:14:06.428,1.88623,1.88666,1.00,1.00
2017.11.03 04:14:06.479,1.88623,1.88669,1.37,1.87
2017.11.03 04:14:07.125,1.88623,1.88669,1.12,1.00
2017.11.03 04:14:08.014,1.88622,1.88668,1.37,1.00
2017.11.03 04:14:08.667,1.88623,1.88667,1.12,1.00
2017.11.03 04:14:10.629,1.88623,1.88667,1.00,1.37
2017.11.03 04:14:10.782,1.88624,1.88669,1.00,1.37
2017.11.03 04:14:11.284,1.88623,1.8867,1.00,1.87
2017.11.03 04:14:12.346,1.88624,1.8867,1.00,1.37
2017.11.03 04:14:12.892,1.88624,1.8867,1.00,1.37
2017.11.03 04:14:12.994,1.88634,1.88677,1.00,2.25
2017.11.03 04:14:13.166,1.88635,1.8868,1.00,1.00
2017.11.03 04:14:13.269,1.88633,1.88678,1.00,1.12
2017.11.03 04:14:13.586,1.88633,1.88678,1.00,1.37
2017.11.03 04:14:17.175,1.88631,1.88678,1.00,1.37
2017.11.03 04:14:19.953,1.88633,1.88678,1.00,1.37
2017.11.03 04:14:21.322,1.88633,1.8868,1.00,1.87
2017.11.03 04:14:22.756,1.88629,1.88676,1.00,1.00
2017.11.03 04:14:22.807,1.88629,1.88674,1.00,1.00
2017.11.03 04:14:23.127,1.88625,1.88672,1.37,1.00
2017.11.03 04:14:23.178,1.88625,1.88672,1.00,1.12
2017.11.03 04:14:23.229,1.88625,1.8867,1.00,1.00
2017.11.03 04:14:23.826,1.88626,1.8867,1.00,1.00
2017.11.03 04:14:24.877,1.88625,1.8867,1.00,1.00
2017.11.03 04:14:25.464,1.88628,1.88672,1.00,1.50
2017.11.03 04:14:25.804,1.88626,1.88671,1.00,1.00
2017.11.03 04:14:25.856,1.88624,1.88669,1.37,1.00
2017.11.03 04:14:26.342,1.88626,1.88671,1.00,1.00
2017.11.03 04:14:26.973,1.88626,1.88672,1.00,1.00
2017.11.03 04:14:27.126,1.88625,1.8867,1.12,1.00
2017.11.03 04:14:27.177,1.88622,1.88669,1.00,1.00
2017.11.03 04:14:27.228,1.88622,1.88667,1.00,1.00
2017.11.03 04:14:27.646,1.8862,1.88666,1.12,1.00
2017.11.03 04:14:28.183,1.8862,1.88665,1.12,1.00
2017.11.03 04:14:28.886,1.8862,1.88664,1.00,1.00
2017.11.03 04:14:29.417,1.88619,1.88664,1.00,1.00
2017.11.03 04:14:30.610,1.88619,1.88663,1.00,1.00
2017.11.03 04:14:31.130,1.8862,1.88664,1.00,1.00
2017.11.03 04:14:31.420,1.88618,1.88665,1.12,1.87
2017.11.03 04:14:31.617,1.8862,1.88664,1.00,1.00
2017.11.03 04:14:32.228,1.88618,1.88665,1.12,1.87
2017.11.03 04:14:32.279,1.8862,1.88664,1.00,1.00
2017.11.03 04:14:32.702,1.88613,1.88653,1.87,1.00
2017.11.03 04:14:35.104,1.88611,1.88653,3.75,1.00
2017.11.03 04:14:35.294,1.88612,1.88651,1.50,1.00
2017.11.03 04:14:35.835,1.88611,1.88652,3.75,1.00
2017.11.03 04:14:36.350,1.88611,1.88653,3.75,1.00
2017.11.03 04:14:36.401,1.88611,1.88655,3.75,1.00
2017.11.03 04:14:36.917,1.88625,1.88666,1.87,1.00
2017.11.03 04:14:37.121,1.88623,1.88662,1.37,1.00
2017.11.03 04:14:37.327,1.88627,1.88672,1.87,1.00
2017.11.03 04:14:37.378,1.88622,1.88658,1.00,1.00
2017.11.03 04:14:37.480,1.8862,1.88657,1.00,1.00
2017.11.03 04:14:37.649,1.88614,1.88653,1.87,1.00
2017.11.03 04:14:38.404,1.88614,1.88651,1.87,1.00
2017.11.03 04:14:38.673,1.88614,1.88654,1.87,1.00
2017.11.03 04:14:38.724,1.88617,1.8866,1.87,1.00
2017.11.03 04:14:38.775,1.88617,1.88657,2.62,1.00
2017.11.03 04:14:39.218,1.88619,1.88657,1.87,1.00
2017.11.03 04:14:39.371,1.88615,1.88653,2.25,1.00
2017.11.03 04:14:39.677,1.8862,1.88662,1.87,1.00
2017.11.03 04:14:39.728,1.8862,1.88655,1.87,1.00
2017.11.03 04:14:39.779,1.88617,1.88653,2.62,1.00
2017.11.03 04:14:40.036,1.88618,1.88656,1.37,1.00
2017.11.03 04:14:40.088,1.88616,1.88654,1.87,1.00
2017.11.03 04:14:40.474,1.88625,1.88663,1.87,1.00
2017.11.03 04:14:40.678,1.88621,1.88661,2.62,1.00
2017.11.03 04:14:41.138,1.88621,1.88661,1.37,1.00
2017.11.03 04:14:41.602,1.88629,1.88671,2.62,1.00
2017.11.03 04:14:41.805,1.88631,1.88674,1.37,1.00
2017.11.03 04:14:41.856,1.88641,1.88683,1.00,1.00
2017.11.03 04:14:42.381,1.88641,1.88684,1.00,1.50
2017.11.03 04:14:42.936,1.88641,1.88683,1.00,1.00
2017.11.03 04:14:43.192,1.88639,1.88683,1.00,1.00
2017.11.03 04:14:43.565,1.88642,1.88687,1.37,1.00
2017.11.03 04:14:43.870,1.8864,1.88683,1.37,1.50
2017.11.03 04:14:43.921,1.8864,1.88683,1.00,1.50
2017.11.03 04:14:45.248,1.88638,1.88683,1.00,2.25
2017.11.03 04:14:46.855,1.88643,1.88684,1.00,1.00
2017.11.03 04:14:46.916,1.88641,1.88684,1.00,1.00
2017.11.03 04:14:49.603,1.88642,1.88682,1.00,1.00
2017.11.03 04:14:50.255,1.88641,1.88682,1.00,1.00
2017.11.03 04:14:50.570,1.88641,1.8868,1.00,1.00
2017.11.03 04:14:55.067,1.88639,1.8868,1.00,1.00
2017.11.03 04:14:55.684,1.88638,1.8868,1.00,1.50
2017.11.03 04:15:01.368,1.88641,1.8868,1.00,1.00
2017.11.03 04:15:02.075,1.88641,1.88682,1.00,1.37
2017.11.03 04:15:02.695,1.88641,1.88682,1.00,1.00
2017.11.03 04:15:06.172,1.88642,1.88682,1.00,1.00
2017.11.03 04:15:07.630,1.88642,1.88683,1.00,1.00
2017.11.03 04:15:08.168,1.88643,1.88683,1.00,1.00
2017.11.03 04:15:08.773,1.88642,1.88683,1.00,1.00
2017.11.03 04:15:09.565,1.88643,1.88683,1.00,1.00
2017.11.03 04:15:10.196,1.88643,1.88684,1.00,1.00
2017.11.03 04:15:13.339,1.88643,1.88685,1.00,1.50
2017.11.03 04:15:13.654,1.88645,1.88687,1.00,1.50
2017.11.03 04:15:14.928,1.88638,1.88678,1.87,1.00
2017.11.03 04:15:16.040,1.88638,1.88672,1.87,1.00
2017.11.03 04:15:16.091,1.88631,1.88672,1.37,1.00
2017.11.03 04:15:16.142,1.88631,1.88671,1.12,1.00
2017.11.03 04:15:16.194,1.88625,1.88669,1.37,1.00
2017.11.03 04:15:16.245,1.88623,1.88667,2.62,1.00
2017.11.03 04:15:16.655,1.88623,1.88665,1.87,1.00
2017.11.03 04:15:18.956,1.88622,1.88665,1.87,1.00
2017.11.03 04:15:21.243,1.88621,1.88665,1.37,1.00
2017.11.03 04:15:21.295,1.88627,1.88672,3.37,1.00
2017.11.03 04:15:21.346,1.88627,1.8867,1.00,1.00
2017.11.03 04:15:21.499,1.88623,1.88668,2.62,1.00
2017.11.03 04:15:26.249,1.88624,1.88665,1.37,1.00
2017.11.03 04:15:26.792,1.88623,1.88665,1.37,1.00
2017.11.03 04:15:27.887,1.88624,1.88667,1.87,1.00
2017.11.03 04:15:28.437,1.88624,1.88668,1.87,1.00
2017.11.03 04:15:29.562,1.88624,1.88669,1.87,1.00
2017.11.03 04:15:34.079,1.88626,1.88668,1.00,1.00
2017.11.03 04:15:34.693,1.88626,1.8867,1.00,1.00
2017.11.03 04:15:41.756,1.88626,1.88668,1.00,1.00
2017.11.03 04:15:43.755,1.88625,1.8867,1.00,1.00
2017.11.03 04:15:45.638,1.88626,1.88671,1.00,1.00
2017.11.03 04:15:45.690,1.88628,1.88671,1.00,1.00
2017.11.03 04:15:45.889,1.88634,1.88678,1.00,1.00
2017.11.03 04:15:45.992,1.88636,1.88681,1.00,1.00
2017.11.03 04:15:46.746,1.88636,1.8868,1.00,1.00
2017.11.03 04:15:46.797,1.88634,1.88679,1.00,1.00
2017.11.03 04:15:47.848,1.88636,1.88679,1.00,1.00
2017.11.03 04:15:50.924,1.88634,1.88679,1.00,1.00
2017.11.03 04:15:51.178,1.88633,1.88676,1.00,1.00
2017.11.03 04:15:51.230,1.88631,1.88676,1.00,1.00
2017.11.03 04:15:51.383,1.88633,1.88678,1.00,1.00
2017.11.03 04:15:52.903,1.88636,1.88679,1.00,1.00
2017.11.03 04:15:53.455,1.88637,1.8868,1.00,1.00
2017.11.03 04:15:58.195,1.88636,1.88679,1.00,1.00
2017.11.03 04:15:58.718,1.88636,1.88681,1.00,1.00
2017.11.03 04:16:03.622,1.88634,1.88677,1.00,1.00
2017.11.03 04:16:03.892,1.88636,1.88681,1.00,1.00
2017.11.03 04:16:05.295,1.88635,1.8868,1.00,1.00
2017.11.03 04:16:05.396,1.88634,1.88678,1.00,1.00
2017.11.03 04:16:05.902,1.88635,1.88678,1.00,1.00
2017.11.03 04:16:06.505,1.88634,1.88678,1.00,1.00
2017.11.03 04:16:08.165,1.88633,1.88679,1.00,1.00
2017.11.03 04:16:08.484,1.88634,1.88677,1.00,1.00
2017.11.03 04:16:08.717,1.88632,1.88677,1.00,1.00
2017.11.03 04:16:12.551,1.88632,1.88678,1.00,1.00
2017.11.03 04:16:15.063,1.88633,1.88676,1.00,1.00
2017.11.03 04:16:15.542,1.88635,1.88678,1.00,1.00
2017.11.03 04:16:17.695,1.88636,1.88679,1.00,1.00
2017.11.03 04:16:18.042,1.88646,1.88682,1.00,1.00
2017.11.03 04:16:22.572,1.88645,1.88682,1.00,1.00
2017.11.03 04:16:28.744,1.88645,1.88682,1.00,1.37
2017.11.03 04:16:29.827,1.88642,1.88682,1.00,1.37
2017.11.03 04:16:31.273,1.88641,1.88682,1.00,1.37
2017.11.03 04:16:32.449,1.88641,1.8868,1.00,1.00
2017.11.03 04:16:32.554,1.88645,1.8868,1.00,1.00
2017.11.03 04:16:32.656,1.88657,1.88694,1.00,1.00
2017.11.03 04:16:32.758,1.88658,1.88696,1.00,1.50
2017.11.03 04:16:32.860,1.88656,1.88696,1.00,1.00
2017.11.03 04:16:32.912,1.88656,1.88694,1.00,1.00
2017.11.03 04:16:33.065,1.88653,1.88692,1.00,1.00
2017.11.03 04:16:33.167,1.8865,1.88694,1.00,1.00
2017.11.03 04:16:33.477,1.88652,1.88693,1.00,1.00
2017.11.03 04:16:34.348,1.88653,1.88693,1.00,1.00
2017.11.03 04:16:34.827,1.88653,1.88691,1.00,1.00
2017.11.03 04:16:35.103,1.88653,1.88693,1.00,1.00
2017.11.03 04:16:35.977,1.88653,1.88691,1.00,1.37
2017.11.03 04:16:36.535,1.88654,1.88693,1.00,1.87
2017.11.03 04:16:40.132,1.88651,1.88693,1.00,1.87
2017.11.03 04:16:40.183,1.88651,1.88686,1.00,1.00
2017.11.03 04:16:40.898,1.88651,1.88687,1.00,1.00
2017.11.03 04:16:42.015,1.88654,1.88687,1.00,1.00
2017.11.03 04:16:42.066,1.88651,1.88687,1.00,1.00
2017.11.03 04:16:42.117,1.88655,1.88693,1.00,1.87
2017.11.03 04:16:42.466,1.88656,1.88686,1.00,1.00
2017.11.03 04:16:42.619,1.88646,1.88687,1.00,1.37
2017.11.03 04:16:42.670,1.88638,1.88682,1.00,1.12
2017.11.03 04:16:42.721,1.8865,1.88682,1.00,1.00
2017.11.03 04:16:42.772,1.88646,1.88686,1.00,1.12
2017.11.03 04:16:42.823,1.88651,1.88686,1.00,1.00
2017.11.03 04:16:43.128,1.88656,1.88693,1.00,1.87
2017.11.03 04:16:43.179,1.88652,1.88693,1.00,2.62
2017.11.03 04:16:43.230,1.88648,1.88693,1.00,2.62
2017.11.03 04:16:43.281,1.88652,1.88686,1.00,1.00
2017.11.03 04:16:43.433,1.88653,1.88693,1.00,1.87
2017.11.03 04:16:43.616,1.88655,1.88686,1.00,1.00
2017.11.03 04:16:44.132,1.88654,1.88687,1.00,1.00
2017.11.03 04:16:44.594,1.88653,1.88692,1.00,1.37
2017.11.03 04:16:44.696,1.88651,1.88686,1.00,1.00
2017.11.03 04:16:44.798,1.88652,1.88692,1.00,1.37
2017.11.03 04:16:44.900,1.88649,1.88691,1.00,1.37
2017.11.03 04:16:45.002,1.88649,1.88686,1.00,1.00
2017.11.03 04:16:45.569,1.88651,1.88686,1.00,1.00
2017.11.03 04:16:46.418,1.88651,1.8869,1.00,1.12
2017.11.03 04:16:47.619,1.8865,1.88692,1.00,1.87
2017.11.03 04:16:48.242,1.88651,1.88692,1.00,1.87
2017.11.03 04:16:48.900,1.88652,1.88692,1.00,1.87
2017.11.03 04:16:49.172,1.88651,1.88692,1.00,1.87
2017.11.03 04:16:49.905,1.88656,1.88692,1.00,1.87
2017.11.03 04:16:50.209,1.88652,1.88692,1.00,1.12
2017.11.03 04:16:50.422,1.88652,1.88687,1.00,1.00
2017.11.03 04:16:51.346,1.88654,1.88693,1.00,1.87
2017.11.03 04:16:51.397,1.88656,1.88686,1.00,1.00
2017.11.03 04:16:51.448,1.88654,1.88686,1.00,1.00
2017.11.03 04:16:51.500,1.88656,1.88686,1.00,1.00
2017.11.03 04:16:51.601,1.88653,1.88693,1.00,1.87
2017.11.03 04:16:51.652,1.88654,1.88687,1.00,1.00
2017.11.03 04:16:51.754,1.88652,1.88688,1.00,1.00
2017.11.03 04:16:52.087,1.8865,1.88688,1.00,1.00
2017.11.03 04:16:52.190,1.88652,1.88688,1.00,1.00
2017.11.03 04:16:52.815,1.88651,1.88688,1.00,1.00
2017.11.03 04:16:53.896,1.88652,1.88688,1.00,1.00
2017.11.03 04:16:54.608,1.88653,1.88687,1.00,1.00
2017.11.03 04:16:54.921,1.88654,1.8869,1.00,1.00
2017.11.03 04:16:54.973,1.88659,1.8869,1.00,1.00
2017.11.03 04:16:55.024,1.88654,1.88687,1.00,1.00
2017.11.03 04:16:55.400,1.88656,1.8869,1.00,1.37
2017.11.03 04:16:55.885,1.88654,1.88689,1.00,1.37
2017.11.03 04:16:56.089,1.8865,1.88689,1.00,1.37
2017.11.03 04:16:56.141,1.88654,1.88689,1.00,1.37
2017.11.03 04:16:56.192,1.88655,1.8869,1.00,1.37
2017.11.03 04:16:56.740,1.88655,1.8869,1.00,1.37
2017.11.03 04:16:57.698,1.88652,1.88686,1.00,1.00
2017.11.03 04:16:57.835,1.88652,1.8869,1.00,1.37
2017.11.03 04:16:57.929,1.88652,1.88686,1.00,1.00
2017.11.03 04:17:00.611,1.88654,1.88686,1.00,1.00
2017.11.03 04:17:00.662,1.88651,1.8869,1.00,1.37
2017.11.03 04:17:00.713,1.88651,1.88686,1.00,1.00
2017.11.03 04:17:01.455,1.88651,1.88687,1.00,1.00
2017.11.03 04:17:02.034,1.88651,1.88689,1.00,1.12
2017.11.03 04:17:05.664,1.88651,1.88687,1.00,1.00
2017.11.03 04:17:06.340,1.88651,1.88686,1.00,1.00
2017.11.03 04:17:08.275,1.88651,1.88686,1.00,1.37
2017.11.03 04:17:09.993,1.88654,1.8869,1.00,1.87
2017.11.03 04:17:12.328,1.88654,1.88692,1.00,2.62
2017.11.03 04:17:13.905,1.88654,1.88692,1.00,1.37
2017.11.03 04:17:15.862,1.88656,1.88693,1.00,2.62
2017.11.03 04:17:19.203,1.88655,1.88693,1.00,1.37
2017.11.03 04:17:20.196,1.88655,1.88693,1.00,1.37
2017.11.03 04:17:20.270,1.88658,1.88693,1.00,1.37
2017.11.03 04:17:20.838,1.88659,1.88695,1.00,1.37
2017.11.03 04:17:22.465,1.88659,1.88695,1.00,1.12
2017.11.03 04:17:26.033,1.88659,1.88694,1.00,1.00
2017.11.03 04:17:28.488,1.88659,1.88695,1.00,1.12
2017.11.03 04:17:32.904,1.88659,1.88696,1.00,1.87
2017.11.03 04:17:33.654,1.88659,1.88695,1.00,1.87
2017.11.03 04:17:37.281,1.8866,1.88695,1.00,1.87
2017.11.03 04:17:39.039,1.8866,1.88697,1.00,1.87
2017.11.03 04:17:39.090,1.88662,1.88697,1.00,1.87
2017.11.03 04:17:40.091,1.88662,1.88693,1.00,1.00
2017.11.03 04:17:40.143,1.88659,1.88692,1.00,1.00
2017.11.03 04:17:40.194,1.88656,1.88694,1.00,1.00
2017.11.03 04:17:40.245,1.88656,1.88692,1.00,1.00
2017.11.03 04:17:45.045,1.88655,1.88692,1.00,1.00
2017.11.03 04:17:45.096,1.88655,1.88695,1.00,1.00
2017.11.03 04:17:45.197,1.88654,1.88693,1.00,1.00
2017.11.03 04:17:47.098,1.88654,1.88692,1.00,1.00
2017.11.03 04:17:47.604,1.88654,1.88693,1.00,1.00
2017.11.03 04:17:50.654,1.88652,1.8869,1.00,1.37
2017.11.03 04:17:50.705,1.8865,1.8869,1.00,1.37
2017.11.03 04:17:50.807,1.88655,1.8869,1.00,1.37
2017.11.03 04:17:50.959,1.88653,1.88692,1.00,1.37
2017.11.03 04:17:51.059,1.88653,1.88692,1.00,1.00
2017.11.03 04:17:51.161,1.88655,1.88692,1.00,1.00
2017.11.03 04:17:51.881,1.88653,1.88692,1.00,1.00
2017.11.03 04:17:54.506,1.88653,1.88691,1.00,1.00
2017.11.03 04:17:54.746,1.88653,1.88693,1.00,1.12
2017.11.03 04:17:55.449,1.88652,1.88693,1.00,1.12
2017.11.03 04:17:56.646,1.88655,1.88693,1.00,1.87
2017.11.03 04:17:56.697,1.88653,1.88692,1.00,1.00
2017.11.03 04:18:00.090,1.88656,1.88692,1.00,1.00
2017.11.03 04:18:00.301,1.88646,1.88684,1.00,1.00
2017.11.03 04:18:00.352,1.88655,1.88682,1.00,1.00
2017.11.03 04:18:00.403,1.88647,1.88685,1.00,1.00
2017.11.03 04:18:00.454,1.88651,1.88685,1.00,1.00
2017.11.03 04:18:00.505,1.88643,1.88682,1.00,1.00
2017.11.03 04:18:00.556,1.88651,1.88685,1.00,1.50
2017.11.03 04:18:00.607,1.88652,1.88687,1.00,1.00
2017.11.03 04:18:00.658,1.88648,1.88685,1.00,1.00
2017.11.03 04:18:00.709,1.88638,1.88681,1.00,1.00
2017.11.03 04:18:00.761,1.8864,1.88676,1.00,1.00
2017.11.03 04:18:01.313,1.88639,1.88676,1.00,1.00
2017.11.03 04:18:02.039,1.88638,1.88676,1.00,1.00
2017.11.03 04:18:02.347,1.88638,1.88674,1.00,1.00
2017.11.03 04:18:13.865,1.88643,1.88674,1.00,1.00
2017.11.03 04:18:13.917,1.88643,1.88677,1.00,1.00
2017.11.03 04:18:13.968,1.88641,1.88675,1.00,1.00
2017.11.03 04:18:14.071,1.88643,1.88678,1.00,1.00
2017.11.03 04:18:14.122,1.8864,1.88675,1.00,1.50
2017.11.03 04:18:14.276,1.8863,1.88668,1.00,1.00
2017.11.03 04:18:14.327,1.8863,1.8867,1.00,1.00
2017.11.03 04:18:14.846,1.88629,1.8867,1.00,1.00
2017.11.03 04:18:14.898,1.88631,1.8867,1.00,1.00
2017.11.03 04:18:15.203,1.88627,1.88666,1.00,1.00
2017.11.03 04:18:16.697,1.88627,1.88665,1.00,1.00
2017.11.03 04:18:17.090,1.88625,1.88665,1.00,1.50
2017.11.03 04:18:17.141,1.88623,1.88665,1.00,1.50
2017.11.03 04:18:17.371,1.88623,1.88662,1.00,1.00
2017.11.03 04:18:17.472,1.88623,1.88664,1.00,1.00
2017.11.03 04:18:18.469,1.88623,1.88663,1.00,1.00
2017.11.03 04:18:21.300,1.88624,1.88663,1.00,1.00
2017.11.03 04:18:22.562,1.88626,1.88663,1.00,1.00
2017.11.03 04:18:23.723,1.88627,1.88663,1.00,1.00
2017.11.03 04:18:23.974,1.88628,1.88666,1.00,1.00
2017.11.03 04:18:25.020,1.88627,1.88666,1.00,1.00
2017.11.03 04:18:25.071,1.8863,1.88666,1.00,1.00
2017.11.03 04:18:25.487,1.88635,1.88668,1.00,1.00
2017.11.03 04:18:27.171,1.88634,1.88668,1.00,1.00
2017.11.03 04:18:28.039,1.88635,1.88668,1.00,1.00
2017.11.03 04:18:34.843,1.88636,1.88668,1.00,1.00
2017.11.03 04:18:34.946,1.88637,1.88671,1.00,1.00
2017.11.03 04:18:34.997,1.88635,1.88671,1.00,1.00
2017.11.03 04:18:35.258,1.88635,1.88667,1.00,1.00
2017.11.03 04:18:38.179,1.88636,1.88667,1.00,1.00
2017.11.03 04:18:38.230,1.88636,1.8867,1.00,1.00
2017.11.03 04:18:38.345,1.88636,1.88672,1.00,1.00
2017.11.03 04:18:38.542,1.88638,1.88673,1.00,1.50
2017.11.03 04:18:40.120,1.88636,1.88673,1.00,1.00
2017.11.03 04:18:40.171,1.88634,1.8867,1.00,1.00
2017.11.03 04:18:44.921,1.88636,1.8867,1.00,1.00
2017.11.03 04:18:45.418,1.88637,1.88673,1.00,1.00
2017.11.03 04:18:46.437,1.88635,1.88671,1.00,1.00
2017.11.03 04:18:46.741,1.88629,1.88664,1.00,1.00
2017.11.03 04:18:48.220,1.88631,1.88664,1.00,1.00
2017.11.03 04:18:49.291,1.88629,1.88664,1.00,1.00
2017.11.03 04:18:50.108,1.88631,1.88664,1.00,1.00
2017.11.03 04:18:53.435,1.88631,1.88663,1.00,1.00
2017.11.03 04:18:53.486,1.88628,1.88663,1.00,1.00
2017.11.03 04:18:53.639,1.8863,1.88663,1.00,1.00
2017.11.03 04:18:57.606,1.88633,1.88663,1.00,1.00
2017.11.03 04:18:57.658,1.88638,1.88673,1.00,1.12
2017.11.03 04:18:57.709,1.8864,1.88672,1.00,1.00
2017.11.03 04:18:58.015,1.88649,1.8868,1.00,1.00
2017.11.03 04:18:58.118,1.88649,1.88686,1.00,1.37
2017.11.03 04:18:58.219,1.88651,1.88688,1.00,1.37
2017.11.03 04:18:58.271,1.88649,1.88685,1.00,1.12
2017.11.03 04:18:59.366,1.88644,1.88685,1.00,1.00
2017.11.03 04:18:59.417,1.88642,1.88685,1.00,1.00
2017.11.03 04:18:59.994,1.88641,1.88682,1.00,1.00
2017.11.03 04:19:00.435,1.88631,1.88664,1.00,1.00
2017.11.03 04:19:00.587,1.88626,1.88664,1.00,1.00
2017.11.03 04:19:00.638,1.88622,1.88663,1.00,1.00
2017.11.03 04:19:00.689,1.88623,1.8866,1.00,1.00
2017.11.03 04:19:00.740,1.88618,1.8866,3.00,1.00
2017.11.03 04:19:04.078,1.88629,1.88673,1.00,1.50
2017.11.03 04:19:04.129,1.88632,1.88673,1.00,1.00
2017.11.03 04:19:04.693,1.88632,1.88674,1.00,1.00
2017.11.03 04:19:09.819,1.88631,1.88673,1.00,1.00
2017.11.03 04:19:10.440,1.8863,1.88672,1.00,1.00
2017.11.03 04:19:10.965,1.88629,1.88671,1.00,1.00
2017.11.03 04:19:11.016,1.88627,1.88672,1.00,1.50
2017.11.03 04:19:11.854,1.88618,1.8866,1.00,1.00
2017.11.03 04:19:12.359,1.88617,1.8866,1.00,1.00
2017.11.03 04:19:20.340,1.88618,1.88659,1.00,1.00
2017.11.03 04:19:20.544,1.88616,1.88659,1.50,1.00
2017.11.03 04:19:28.482,1.88614,1.88659,1.00,1.00
2017.11.03 04:19:28.533,1.88613,1.88655,1.00,1.00
2017.11.03 04:19:29.269,1.88612,1.88655,1.50,1.00
2017.11.03 04:19:29.816,1.88613,1.88656,1.00,1.00
2017.11.03 04:19:30.832,1.88612,1.88653,1.00,1.00
2017.11.03 04:19:31.990,1.88612,1.88654,1.00,1.00
2017.11.03 04:19:32.503,1.88613,1.88653,1.00,1.00
2017.11.03 04:19:36.491,1.88612,1.88652,1.00,1.00
2017.11.03 04:19:40.205,1.88609,1.88652,1.00,1.00
2017.11.03 04:19:40.256,1.88607,1.88652,1.00,1.00
2017.11.03 04:19:40.307,1.88604,1.88648,1.50,1.00
2017.11.03 04:19:40.613,1.88602,1.88645,1.12,1.00
2017.11.03 04:19:41.323,1.88602,1.88642,1.12,1.00
2017.11.03 04:19:41.374,1.886,1.88645,1.00,1.00
2017.11.03 04:19:45.774,1.886,1.88643,1.00,1.00
2017.11.03 04:19:46.454,1.886,1.88645,1.00,1.00
2017.11.03 04:19:46.640,1.88609,1.88654,1.00,1.50
2017.11.03 04:19:50.557,1.88609,1.88653,1.00,1.00
2017.11.03 04:19:51.557,1.88609,1.88654,1.00,1.50
2017.11.03 04:19:54.737,1.88606,1.88651,1.00,1.00
2017.11.03 04:20:00.629,1.88615,1.88659,1.00,1.00
2017.11.03 04:20:00.833,1.88612,1.88657,1.00,1.00
2017.11.03 04:20:02.919,1.88613,1.88658,1.00,1.00
2017.11.03 04:20:03.284,1.88612,1.88655,1.00,1.00
2017.11.03 04:20:04.558,1.88613,1.88656,1.00,1.00
2017.11.03 04:20:05.858,1.88613,1.88658,1.00,1.00
2017.11.03 04:20:05.909,1.88613,1.88656,1.00,1.00
2017.11.03 04:20:08.858,1.88613,1.88657,1.00,1.00
2017.11.03 04:20:09.384,1.88613,1.88656,1.00,1.00
2017.11.03 04:20:12.924,1.88611,1.88656,1.00,1.00
2017.11.03 04:20:14.283,1.88612,1.88656,1.00,1.00
2017.11.03 04:20:14.776,1.88614,1.88656,1.00,1.00
2017.11.03 04:20:15.556,1.88613,1.88655,1.00,1.00
2017.11.03 04:20:20.624,1.88613,1.88656,1.00,1.00
2017.11.03 04:20:25.432,1.88612,1.88654,1.00,1.00
2017.11.03 04:20:26.188,1.88609,1.88654,1.00,1.00
2017.11.03 04:20:27.064,1.8861,1.88655,1.00,1.00
2017.11.03 04:20:32.950,1.8861,1.88653,1.00,1.00
2017.11.03 04:20:33.484,1.88611,1.88654,1.00,1.00
2017.11.03 04:20:34.262,1.88611,1.88653,1.00,1.00
2017.11.03 04:20:40.255,1.88616,1.88657,1.00,1.00
2017.11.03 04:20:40.971,1.88616,1.88658,1.00,1.00
2017.11.03 04:20:43.216,1.88615,1.88657,1.00,1.50
2017.11.03 04:20:43.267,1.88613,1.88657,1.00,1.00
2017.11.03 04:20:43.419,1.88616,1.88657,1.00,1.12
2017.11.03 04:20:46.920,1.88614,1.88657,1.00,1.12
2017.11.03 04:20:58.792,1.88614,1.88658,1.00,1.00
2017.11.03 04:20:59.525,1.88614,1.88657,1.00,1.00
2017.11.03 04:21:02.496,1.88607,1.8865,1.00,1.00
2017.11.03 04:21:02.802,1.88595,1.88637,1.00,1.00
2017.11.03 04:21:03.418,1.88594,1.88637,1.50,1.00
2017.11.03 04:21:10.398,1.88594,1.88636,1.00,1.00
2017.11.03 04:21:14.776,1.88594,1.88637,1.00,1.00
2017.11.03 04:21:16.132,1.88594,1.88635,1.00,1.00
2017.11.03 04:21:21.906,1.88594,1.88637,1.00,1.00
2017.11.03 04:21:23.472,1.88594,1.88635,1.00,1.00
2017.11.03 04:21:23.523,1.88594,1.88637,1.00,1.00
2017.11.03 04:21:23.809,1.88602,1.88647,1.00,1.00
2017.11.03 04:21:23.861,1.88603,1.88649,1.00,1.00
2017.11.03 04:21:23.912,1.88605,1.8865,1.00,1.50
2017.11.03 04:21:31.975,1.88606,1.88649,1.00,1.00
2017.11.03 04:21:32.989,1.88608,1.88651,1.00,2.25
2017.11.03 04:21:33.343,1.88608,1.88648,1.00,1.00
2017.11.03 04:21:39.502,1.88599,1.88642,1.00,1.00
2017.11.03 04:21:40.364,1.886,1.88643,1.00,1.00
2017.11.03 04:21:40.466,1.88601,1.88646,1.00,1.00
2017.11.03 04:21:59.090,1.88601,1.88645,1.00,1.00
2017.11.03 04:21:59.596,1.88598,1.88643,1.00,1.00
2017.11.03 04:21:59.648,1.88595,1.8864,1.00,1.00
2017.11.03 04:21:59.998,1.8859,1.88632,1.00,1.00
2017.11.03 04:22:00.463,1.8859,1.88625,1.00,1.00
2017.11.03 04:22:01.979,1.8859,1.88624,1.00,1.00
2017.11.03 04:22:07.768,1.8859,1.88627,1.00,1.00
2017.11.03 04:22:07.819,1.88589,1.88625,1.00,1.00
2017.11.03 04:22:08.426,1.8859,1.88625,1.00,1.00
2017.11.03 04:22:08.603,1.88595,1.88638,1.00,1.00
2017.11.03 04:22:08.654,1.88595,1.88634,1.00,1.00
2017.11.03 04:22:09.018,1.88598,1.88635,1.00,1.00
2017.11.03 04:22:10.290,1.88598,1.88633,1.00,1.00
2017.11.03 04:22:15.027,1.88598,1.88634,1.00,1.00
2017.11.03 04:22:15.558,1.88599,1.88634,1.00,1.00
2017.11.03 04:22:16.016,1.88594,1.88634,1.00,1.00
2017.11.03 04:22:16.119,1.88593,1.88626,1.00,1.00
2017.11.03 04:22:16.170,1.88586,1.88626,1.00,1.00
2017.11.03 04:22:16.323,1.88583,1.88626,1.12,1.00
2017.11.03 04:22:17.817,1.88582,1.88625,3.37,1.00
2017.11.03 04:22:18.612,1.8858,1.88624,2.25,1.00
2017.11.03 04:22:19.433,1.88587,1.88631,1.00,1.00
2017.11.03 04:22:29.962,1.88583,1.88626,1.00,1.00
2017.11.03 04:22:33.510,1.88583,1.88625,1.00,1.00
2017.11.03 04:22:34.704,1.88583,1.88624,1.00,1.00
2017.11.03 04:22:40.467,1.88583,1.8862,1.00,1.00
2017.11.03 04:22:40.570,1.88575,1.88616,1.00,1.00
2017.11.03 04:22:41.126,1.88576,1.88616,1.00,1.00
2017.11.03 04:22:48.029,1.88575,1.88616,1.00,1.00
2017.11.03 04:22:49.771,1.88576,1.88616,1.00,1.00
2017.11.03 04:22:49.822,1.88575,1.88614,1.00,1.00
2017.11.03 04:22:50.552,1.88576,1.88614,1.00,1.00
2017.11.03 04:22:56.498,1.88575,1.88615,1.00,1.00
2017.11.03 04:22:57.747,1.88576,1.88615,1.00,1.00
2017.11.03 04:22:58.269,1.88575,1.88615,1.00,1.00
2017.11.03 04:23:03.036,1.88576,1.88615,1.00,1.00
2017.11.03 04:23:04.518,1.88575,1.88615,1.00,1.00
2017.11.03 04:23:10.679,1.88576,1.88615,1.00,1.00
2017.11.03 04:23:11.685,1.88575,1.88615,1.00,1.00
2017.11.03 04:23:19.147,1.88576,1.88617,1.00,1.00
2017.11.03 04:23:21.683,1.88575,1.88617,1.00,1.00
2017.11.03 04:23:22.211,1.88576,1.88617,1.00,1.00
2017.11.03 04:23:25.168,1.88575,1.88617,1.00,1.00
2017.11.03 04:23:30.087,1.88576,1.88617,1.00,1.00
2017.11.03 04:23:32.595,1.88576,1.88615,1.00,1.00
2017.11.03 04:23:33.253,1.88575,1.88614,1.00,1.00
2017.11.03 04:23:33.808,1.88576,1.88614,1.00,1.00
2017.11.03 04:23:34.317,1.88575,1.88615,1.00,1.00
2017.11.03 04:23:53.128,1.88576,1.88615,1.00,1.00
2017.11.03 04:23:53.691,1.88575,1.88615,1.00,1.00
2017.11.03 04:24:07.486,1.88576,1.88615,1.00,1.00
2017.11.03 04:24:11.090,1.88576,1.88616,1.00,1.00
2017.11.03 04:24:12.175,1.88575,1.88616,1.00,1.00
2017.11.03 04:24:12.698,1.88576,1.88616,1.00,1.00
2017.11.03 04:24:17.617,1.88576,1.88613,1.00,1.00
2017.11.03 04:24:18.308,1.88575,1.88613,1.00,1.00
2017.11.03 04:24:23.033,1.88576,1.88613,1.00,1.00
2017.11.03 04:24:23.537,1.88575,1.88613,1.00,1.00
2017.11.03 04:24:24.669,1.88576,1.88613,1.00,1.00
2017.11.03 04:24:30.637,1.88574,1.88613,1.00,1.00
2017.11.03 04:24:42.469,1.88574,1.88615,1.00,1.00
2017.11.03 04:24:43.508,1.88573,1.88615,1.50,1.00
2017.11.03 04:24:48.897,1.88574,1.88615,1.00,1.00
2017.11.03 04:24:50.741,1.88576,1.88615,1.00,1.00
2017.11.03 04:24:50.792,1.88577,1.88618,1.00,1.00
2017.11.03 04:24:50.844,1.88583,1.88626,1.00,1.00
2017.11.03 04:24:50.895,1.88595,1.88638,1.00,1.50
2017.11.03 04:24:51.198,1.8861,1.8865,1.00,1.00
2017.11.03 04:24:51.710,1.8861,1.88649,1.50,1.00
2017.11.03 04:24:52.278,1.88609,1.88649,1.50,1.00
2017.11.03 04:24:54.676,1.88609,1.88647,1.00,1.00
2017.11.03 04:25:02.839,1.88606,1.88646,1.00,1.00
2017.11.03 04:25:02.890,1.88604,1.88644,2.25,1.00
2017.11.03 04:25:03.532,1.88604,1.88643,1.50,1.00
2017.11.03 04:25:04.293,1.88596,1.8863,1.00,1.00
2017.11.03 04:25:04.345,1.88595,1.88633,1.50,1.00
2017.11.03 04:25:04.396,1.88592,1.8863,1.00,1.00
2017.11.03 04:25:04.549,1.88587,1.88627,1.00,1.00
2017.11.03 04:25:04.650,1.88587,1.88625,1.00,1.00
2017.11.03 04:25:04.701,1.88584,1.88624,1.00,1.00
2017.11.03 04:25:05.336,1.88583,1.88624,1.12,1.00
2017.11.03 04:25:08.018,1.88585,1.88625,1.00,1.00
2017.11.03 04:25:15.684,1.88585,1.8862,1.00,1.00
2017.11.03 04:25:15.735,1.8858,1.8862,1.00,1.00
2017.11.03 04:25:17.095,1.8858,1.88619,1.00,1.00
2017.11.03 04:25:23.193,1.8858,1.8862,1.50,1.00
2017.11.03 04:25:38.839,1.88579,1.8862,1.00,1.00
2017.11.03 04:25:42.997,1.88582,1.88623,1.00,1.00
2017.11.03 04:25:43.319,1.8858,1.88623,1.00,1.00
2017.11.03 04:25:53.349,1.88579,1.88622,1.50,1.00
2017.11.03 04:25:55.743,1.88581,1.88622,1.00,1.00
2017.11.03 04:25:56.248,1.88582,1.88625,1.00,1.00
2017.11.03 04:26:04.617,1.88584,1.88626,1.00,1.00
2017.11.03 04:26:05.012,1.88588,1.88629,1.00,1.00
2017.11.03 04:26:10.959,1.88586,1.88629,1.00,1.00
2017.11.03 04:26:17.292,1.88586,1.8863,1.00,1.00
2017.11.03 04:26:22.506,1.88585,1.88628,1.00,1.00
2017.11.03 04:26:34.695,1.88585,1.88627,1.00,1.00
2017.11.03 04:26:36.635,1.88584,1.88624,1.00,1.00
2017.11.03 04:26:36.737,1.88581,1.88624,1.50,1.00
2017.11.03 04:26:37.335,1.88583,1.88624,1.00,1.00
2017.11.03 04:26:38.669,1.88574,1.88612,1.50,1.00
2017.11.03 04:26:39.227,1.88575,1.88613,1.00,1.00
2017.11.03 04:26:40.171,1.88574,1.88615,1.00,1.00
2017.11.03 04:26:46.543,1.88574,1.88612,1.00,1.00
2017.11.03 04:26:47.184,1.88575,1.88612,1.00,1.00
2017.11.03 04:26:48.134,1.88574,1.88607,1.00,1.00
2017.11.03 04:26:48.185,1.88574,1.88609,1.00,1.00
2017.11.03 04:26:48.510,1.88576,1.88611,1.00,1.00
2017.11.03 04:26:52.372,1.88576,1.8861,1.00,1.00
2017.11.03 04:26:53.125,1.88575,1.8861,1.00,1.00
2017.11.03 04:26:53.775,1.88578,1.88618,1.00,1.00
2017.11.03 04:26:56.078,1.8858,1.88618,1.00,1.00
2017.11.03 04:27:00.044,1.8858,1.88622,1.00,1.50
2017.11.03 04:27:00.095,1.88579,1.8862,1.00,1.00
2017.11.03 04:27:08.525,1.88579,1.88621,1.00,1.00
2017.11.03 04:27:11.276,1.88579,1.88622,1.00,1.50
2017.11.03 04:27:12.023,1.8858,1.88622,1.00,1.00
2017.11.03 04:27:12.676,1.88578,1.8862,1.00,1.37
2017.11.03 04:27:12.879,1.88576,1.88618,1.00,1.37
2017.11.03 04:27:14.027,1.88573,1.88615,1.00,1.00
2017.11.03 04:27:14.181,1.88571,1.88615,1.00,1.12
2017.11.03 04:27:14.232,1.88572,1.88613,1.00,1.00
2017.11.03 04:27:14.541,1.88572,1.88613,1.00,1.37
2017.11.03 04:27:15.068,1.88571,1.88613,1.00,1.37
2017.11.03 04:27:20.031,1.88568,1.88612,1.00,1.37
2017.11.03 04:27:20.350,1.88571,1.88612,1.00,1.37
2017.11.03 04:27:20.894,1.88572,1.88613,1.00,1.12
2017.11.03 04:27:20.945,1.88576,1.88617,1.00,1.50
2017.11.03 04:27:20.996,1.88574,1.88617,1.00,1.00
2017.11.03 04:27:21.047,1.88574,1.88615,1.00,1.12
2017.11.03 04:27:21.376,1.88571,1.88609,1.00,1.00
2017.11.03 04:27:21.936,1.8857,1.88609,1.00,1.00
2017.11.03 04:27:22.508,1.88571,1.88609,1.00,1.00
2017.11.03 04:27:23.376,1.88571,1.88605,1.00,1.00
2017.11.03 04:27:23.888,1.8857,1.88605,1.00,1.00
2017.11.03 04:27:24.541,1.88569,1.88603,1.00,1.00
2017.11.03 04:27:24.768,1.88566,1.88603,1.00,1.00
2017.11.03 04:27:29.949,1.88565,1.88603,1.50,1.00
2017.11.03 04:27:37.984,1.88566,1.88603,1.00,1.00
2017.11.03 04:27:38.658,1.88565,1.88603,1.50,1.00
2017.11.03 04:27:39.168,1.88566,1.88603,1.00,1.00
2017.11.03 04:27:39.219,1.88566,1.88605,1.00,1.00
2017.11.03 04:27:44.783,1.88565,1.88605,1.50,1.00
2017.11.03 04:27:45.529,1.88566,1.88605,1.00,1.00
2017.11.03 04:27:48.574,1.88565,1.88605,1.00,1.00
2017.11.03 04:27:50.368,1.88566,1.88605,1.00,1.00
2017.11.03 04:27:50.525,1.88574,1.88614,1.00,1.00
2017.11.03 04:27:50.682,1.88578,1.88622,1.00,1.00
2017.11.03 04:27:50.733,1.88579,1.8862,1.00,1.00
2017.11.03 04:27:50.784,1.88579,1.88622,1.00,1.00
2017.11.03 04:27:51.853,1.88581,1.88622,1.00,1.00
2017.11.03 04:27:52.496,1.8858,1.88621,1.00,1.00
2017.11.03 04:27:55.445,1.88584,1.88627,1.00,1.00
2017.11.03 04:28:04.542,1.88583,1.88627,1.00,1.00
2017.11.03 04:28:04.593,1.88585,1.88626,1.00,1.00
2017.11.03 04:28:06.051,1.88584,1.88626,1.00,1.00
2017.11.03 04:28:06.572,1.88585,1.88626,1.00,1.00
2017.11.03 04:28:07.078,1.88584,1.88626,1.00,1.00
2017.11.03 04:28:19.781,1.88582,1.88625,1.00,1.00
2017.11.03 04:28:20.308,1.88581,1.88624,1.00,1.00
2017.11.03 04:28:21.523,1.88575,1.88615,1.50,1.00
2017.11.03 04:28:21.929,1.88572,1.88614,1.00,1.00
2017.11.03 04:28:22.872,1.88571,1.88613,1.00,1.00
2017.11.03 04:28:23.830,1.8857,1.88613,1.00,1.00
2017.11.03 04:28:24.424,1.8857,1.88612,1.00,1.00
2017.11.03 04:28:25.405,1.88569,1.88612,1.00,1.00
2017.11.03 04:28:27.386,1.88569,1.88613,1.00,1.00
2017.11.03 04:28:34.122,1.88574,1.88616,1.50,1.00
2017.11.03 04:28:34.225,1.88579,1.88623,1.00,1.00
2017.11.03 04:28:41.575,1.88581,1.88623,1.00,1.00
2017.11.03 04:28:54.823,1.88587,1.8863,1.00,1.00
2017.11.03 04:29:04.533,1.88588,1.88631,1.00,1.12
2017.11.03 04:29:12.838,1.88587,1.8863,1.00,1.00
2017.11.03 04:29:12.889,1.88588,1.88632,1.00,1.00
2017.11.03 04:29:14.483,1.88588,1.88631,1.00,1.00
2017.11.03 04:29:22.181,1.88596,1.88633,1.00,1.00
2017.11.03 04:29:22.532,1.88593,1.88633,1.00,1.37
2017.11.03 04:29:22.856,1.88591,1.88633,1.00,1.37
2017.11.03 04:29:34.391,1.88592,1.88631,1.00,1.00
2017.11.03 04:29:34.900,1.88591,1.88632,1.00,1.00
2017.11.03 04:29:35.134,1.88601,1.88637,1.00,1.00
2017.11.03 04:29:35.337,1.8862,1.88661,1.00,1.00
2017.11.03 04:29:35.999,1.88618,1.88661,1.00,1.00
2017.11.03 04:29:37.572,1.88619,1.88661,1.00,1.00
2017.11.03 04:29:39.206,1.88618,1.88661,1.00,1.00
2017.11.03 04:29:52.268,1.88618,1.88659,1.00,1.00
2017.11.03 04:30:00.330,1.8862,1.88659,1.00,1.00
2017.11.03 04:30:02.654,1.88619,1.88659,1.00,1.00
2017.11.03 04:30:02.959,1.88636,1.88674,1.00,2.62
2017.11.03 04:30:05.016,1.88634,1.88674,1.00,1.87
2017.11.03 04:30:07.726,1.88634,1.88671,1.00,1.87
2017.11.03 04:30:07.777,1.88632,1.8867,1.00,1.37
2017.11.03 04:30:07.828,1.88635,1.88671,1.00,2.62
2017.11.03 04:30:08.597,1.88634,1.8867,1.00,1.37
2017.11.03 04:30:16.515,1.88631,1.8867,1.00,1.37
2017.11.03 04:30:36.016,1.88632,1.88671,1.00,2.62
2017.11.03 04:30:37.385,1.88632,1.8867,1.00,1.87
2017.11.03 04:30:38.423,1.88631,1.8867,1.00,1.87
2017.11.03 04:30:38.474,1.88628,1.88662,1.00,1.12
2017.11.03 04:30:39.019,1.88629,1.88662,1.00,1.00
2017.11.03 04:30:41.365,1.88627,1.88662,1.00,1.00
2017.11.03 04:30:42.153,1.88627,1.88661,1.00,1.00
2017.11.03 04:30:43.719,1.88627,1.88664,1.00,1.37
2017.11.03 04:30:44.433,1.8863,1.88668,1.00,1.87
2017.11.03 04:30:45.172,1.88628,1.88663,1.00,1.12
2017.11.03 04:30:47.173,1.88626,1.88664,1.00,1.37
2017.11.03 04:30:50.469,1.88627,1.88663,1.00,1.12
2017.11.03 04:30:53.276,1.88626,1.88663,1.00,1.12
2017.11.03 04:30:59.207,1.88629,1.88671,1.00,1.12
2017.11.03 04:30:59.258,1.88639,1.88674,1.00,1.87
2017.11.03 04:30:59.309,1.88635,1.88674,1.00,1.37
2017.11.03 04:31:00.306,1.88636,1.88674,1.00,1.37
2017.11.03 04:31:00.522,1.88638,1.88674,1.00,1.37
2017.11.03 04:31:10.292,1.88638,1.88673,1.00,1.87
2017.11.03 04:31:10.499,1.88633,1.88672,1.00,1.87
2017.11.03 04:31:11.991,1.88635,1.88672,1.00,1.87
2017.11.03 04:31:21.971,1.88633,1.88672,1.00,1.87
2017.11.03 04:31:22.804,1.88634,1.88672,1.00,1.87
2017.11.03 04:31:23.425,1.88634,1.88671,1.00,1.87
2017.11.03 04:31:23.476,1.88636,1.88671,1.00,1.87
2017.11.03 04:31:29.526,1.88638,1.88671,1.00,1.87
2017.11.03 04:31:29.578,1.88638,1.88673,1.00,1.37
2017.11.03 04:31:33.185,1.88638,1.88674,1.00,1.37
2017.11.03 04:31:34.007,1.88647,1.88677,1.00,1.12
2017.11.03 04:31:34.058,1.88653,1.88685,1.00,1.00
2017.11.03 04:31:34.109,1.88652,1.88691,1.00,1.00
2017.11.03 04:31:34.211,1.88654,1.88691,1.00,1.00
2017.11.03 04:31:34.414,1.8865,1.88693,1.00,1.00
2017.11.03 04:31:34.466,1.88648,1.88692,1.00,1.37
2017.11.03 04:31:35.877,1.88649,1.88692,1.00,1.37
2017.11.03 04:31:36.667,1.8865,1.88692,1.00,1.87
2017.11.03 04:31:50.160,1.8865,1.88692,1.00,1.37
2017.11.03 04:31:52.000,1.8865,1.88692,1.00,1.37
2017.11.03 04:31:55.791,1.8865,1.8869,1.00,1.00
2017.11.03 04:32:05.318,1.8865,1.8869,1.00,1.37
2017.11.03 04:32:05.975,1.8865,1.8869,1.00,1.37
2017.11.03 04:32:07.188,1.88651,1.8869,1.00,1.37
2017.11.03 04:32:10.721,1.88651,1.8869,1.00,1.00
2017.11.03 04:32:10.773,1.88654,1.88696,1.00,1.00
2017.11.03 04:32:10.824,1.88645,1.88687,1.00,2.62
2017.11.03 04:32:11.079,1.88642,1.88684,1.00,1.37
2017.11.03 04:32:11.130,1.88643,1.88684,1.00,1.87
2017.11.03 04:32:11.232,1.88644,1.88686,1.00,1.12
2017.11.03 04:32:11.284,1.88644,1.88686,1.00,1.37
2017.11.03 04:32:11.335,1.88644,1.88686,1.00,1.12
2017.11.03 04:32:11.654,1.88643,1.88685,1.00,1.37
2017.11.03 04:32:11.959,1.88645,1.88688,1.00,1.87
2017.11.03 04:32:12.270,1.88648,1.88687,1.00,1.37
2017.11.03 04:32:12.667,1.88644,1.88686,1.50,1.37
2017.11.03 04:32:13.217,1.88643,1.88687,1.00,1.37
2017.11.03 04:32:13.892,1.88644,1.88686,1.00,1.37
2017.11.03 04:32:14.446,1.88643,1.88687,1.00,1.37
2017.11.03 04:32:15.207,1.88644,1.88686,1.00,1.37
2017.11.03 04:32:15.512,1.88646,1.88687,1.00,1.37
2017.11.03 04:32:15.613,1.88643,1.88687,1.00,1.37
2017.11.03 04:32:15.664,1.88645,1.88686,1.00,1.37
2017.11.03 04:32:15.715,1.88642,1.88686,1.00,1.37
2017.11.03 04:32:15.766,1.88644,1.88686,1.00,1.37
2017.11.03 04:32:17.535,1.88645,1.88688,1.00,2.62
2017.11.03 04:32:18.637,1.88645,1.88688,1.00,1.37
2017.11.03 04:32:18.962,1.88644,1.88686,1.00,2.62
2017.11.03 04:32:19.418,1.88649,1.88686,1.00,1.87
2017.11.03 04:32:19.909,1.88645,1.88686,1.00,1.87
2017.11.03 04:32:20.609,1.88647,1.88686,1.00,1.87
2017.11.03 04:32:21.131,1.88646,1.88686,1.00,1.87
2017.11.03 04:32:28.973,1.88649,1.88688,1.00,1.87
2017.11.03 04:32:29.025,1.88654,1.88691,1.00,1.37
2017.11.03 04:32:29.551,1.88654,1.88691,1.00,1.37
2017.11.03 04:32:31.001,1.88651,1.88691,1.00,1.37
2017.11.03 04:32:31.125,1.88653,1.88693,1.00,1.37
2017.11.03 04:32:31.426,1.8865,1.88693,1.00,1.37
2017.11.03 04:32:31.477,1.88652,1.88693,1.00,1.37
2017.11.03 04:32:31.782,1.8866,1.88703,1.00,1.37
2017.11.03 04:32:32.087,1.88663,1.88704,1.00,2.62
2017.11.03 04:32:32.309,1.88661,1.88704,1.00,2.62
2017.11.03 04:32:34.605,1.8866,1.88701,1.00,1.37
2017.11.03 04:32:34.707,1.88658,1.887,1.00,1.37
2017.11.03 04:32:34.850,1.88656,1.88698,1.00,1.00
2017.11.03 04:32:37.704,1.88658,1.88698,1.00,1.00
2017.11.03 04:32:37.755,1.88656,1.88699,1.00,1.12
2017.11.03 04:32:40.919,1.88656,1.88699,1.00,2.62
2017.11.03 04:32:45.456,1.88656,1.88697,1.00,2.62
2017.11.03 04:32:45.790,1.88654,1.88695,1.00,1.87
2017.11.03 04:32:46.146,1.88656,1.88695,1.00,1.87
2017.11.03 04:32:58.123,1.88656,1.88697,1.00,2.62
2017.11.03 04:33:05.881,1.88654,1.88697,1.00,3.37
2017.11.03 04:33:10.520,1.88654,1.88697,1.00,1.37
2017.11.03 04:33:18.913,1.88654,1.88692,1.00,1.00
2017.11.03 04:33:18.969,1.88644,1.88684,1.00,1.00
2017.11.03 04:33:19.021,1.88642,1.88684,1.00,1.00
2017.11.03 04:33:19.072,1.88638,1.88671,1.00,1.00
2017.11.03 04:33:19.123,1.88633,1.88675,1.37,1.00
2017.11.03 04:33:19.175,1.88633,1.8867,1.00,1.00
2017.11.03 04:33:19.226,1.88626,1.88666,1.00,1.00
2017.11.03 04:33:19.278,1.88626,1.88664,1.00,1.00
2017.11.03 04:33:19.329,1.88619,1.88662,1.37,1.00
2017.11.03 04:33:19.381,1.88619,1.88662,1.00,1.00
2017.11.03 04:33:19.899,1.88626,1.88669,1.00,1.50
2017.11.03 04:33:21.919,1.88626,1.88668,1.00,1.00
2017.11.03 04:33:22.187,1.88626,1.8867,1.00,1.00
2017.11.03 04:33:22.239,1.88626,1.88667,1.00,1.00
2017.11.03 04:33:22.838,1.88625,1.88667,1.00,1.00
2017.11.03 04:33:23.677,1.88626,1.88667,1.00,1.00
2017.11.03 04:33:24.180,1.88625,1.88667,1.50,1.00
2017.11.03 04:33:28.673,1.88625,1.88668,1.50,1.00
2017.11.03 04:33:29.109,1.88625,1.88666,1.00,1.00
2017.11.03 04:33:30.006,1.88625,1.88665,1.00,1.00
2017.11.03 04:33:30.378,1.88626,1.88663,1.00,1.00
2017.11.03 04:33:30.937,1.88626,1.88659,1.00,1.00
2017.11.03 04:33:31.911,1.88626,1.88661,1.00,1.00
2017.11.03 04:33:33.140,1.88625,1.88661,1.00,1.00
2017.11.03 04:33:33.656,1.88625,1.8866,1.00,1.00
2017.11.03 04:33:36.379,1.88625,1.88661,1.00,1.00
2017.11.03 04:33:38.442,1.88626,1.88661,1.00,1.00
2017.11.03 04:33:41.020,1.88625,1.88661,1.00,1.00
2017.11.03 04:33:43.803,1.88626,1.88661,1.00,1.00
2017.11.03 04:33:43.960,1.88626,1.88663,1.00,1.00
2017.11.03 04:33:44.888,1.88625,1.88663,1.00,1.00
2017.11.03 04:33:45.683,1.88626,1.88663,1.00,1.00
2017.11.03 04:33:53.452,1.88625,1.88663,1.00,1.00
2017.11.03 04:33:53.969,1.88626,1.88663,1.00,1.00
2017.11.03 04:33:55.982,1.88626,1.88662,1.00,1.00
2017.11.03 04:33:56.694,1.88625,1.88662,1.00,1.00
2017.11.03 04:33:59.370,1.88626,1.88662,1.00,1.00
2017.11.03 04:33:59.471,1.88625,1.88669,1.50,1.00
2017.11.03 04:34:00.131,1.88626,1.88669,1.00,1.00
2017.11.03 04:34:00.673,1.88627,1.8867,1.00,1.00
2017.11.03 04:34:01.282,1.88628,1.8867,1.00,1.00
2017.11.03 04:34:01.334,1.88624,1.88663,1.00,1.00
2017.11.03 04:34:01.641,1.88618,1.88662,1.50,1.00
2017.11.03 04:34:01.900,1.8862,1.88662,1.00,1.00
2017.11.03 04:34:02.312,1.88623,1.8866,1.00,1.00
2017.11.03 04:34:04.326,1.88622,1.8866,1.00,1.00
2017.11.03 04:34:08.717,1.88622,1.88659,1.00,1.00
2017.11.03 04:34:09.453,1.88623,1.88659,1.00,1.00
2017.11.03 04:34:10.108,1.88622,1.88661,1.00,1.00
2017.11.03 04:34:10.159,1.88622,1.88663,1.00,1.00
2017.11.03 04:34:10.730,1.88623,1.88663,1.00,1.00
2017.11.03 04:34:14.121,1.88623,1.88664,1.00,1.00
2017.11.03 04:34:14.625,1.88623,1.88663,1.00,1.00
2017.11.03 04:34:20.533,1.88632,1.88674,1.50,1.00
2017.11.03 04:34:20.635,1.88632,1.88671,1.50,1.00
2017.11.03 04:34:20.686,1.88632,1.88673,1.00,1.00
2017.11.03 04:34:20.787,1.88632,1.88671,1.00,1.00
2017.11.03 04:34:21.422,1.88631,1.88671,1.00,1.00
2017.11.03 04:34:21.523,1.88631,1.88673,1.00,1.00
2017.11.03 04:34:25.161,1.88631,1.88675,1.00,1.00
2017.11.03 04:34:25.212,1.88633,1.88675,1.00,1.00
2017.11.03 04:34:28.824,1.88633,1.88674,1.00,1.00
2017.11.03 04:34:29.212,1.88643,1.88681,1.00,1.00
2017.11.03 04:34:31.740,1.88648,1.88679,1.00,1.00
2017.11.03 04:34:31.842,1.88647,1.88682,1.00,1.00
2017.11.03 04:34:32.368,1.88648,1.88682,1.00,1.00
2017.11.03 04:34:33.520,1.8864,1.88682,1.00,1.00
2017.11.03 04:34:34.276,1.88637,1.88679,1.50,1.00
2017.11.03 04:34:34.672,1.88635,1.88676,1.00,1.00
2017.11.03 04:34:38.969,1.88634,1.88676,1.50,1.00
2017.11.03 04:34:47.198,1.8864,1.88676,1.00,1.00
2017.11.03 04:34:47.300,1.88635,1.88677,1.00,1.00
2017.11.03 04:34:47.351,1.88634,1.88674,1.00,1.00
2017.11.03 04:34:47.978,1.88635,1.88674,1.00,1.00
2017.11.03 04:34:49.665,1.88634,1.88672,1.00,1.00
2017.11.03 04:34:49.767,1.88631,1.88671,1.00,1.00
2017.11.03 04:34:49.970,1.88628,1.88671,1.00,1.00
2017.11.03 04:34:50.327,1.88628,1.88668,1.00,1.00
2017.11.03 04:34:50.378,1.88626,1.88667,1.00,1.00
2017.11.03 04:34:50.899,1.88622,1.88666,1.50,1.00
2017.11.03 04:34:58.345,1.88622,1.88664,1.00,1.00
2017.11.03 04:35:00.113,1.88621,1.88665,1.00,1.00
2017.11.03 04:35:00.620,1.88622,1.88664,1.00,1.00
2017.11.03 04:35:01.259,1.8862,1.88662,1.50,1.00
2017.11.03 04:35:01.584,1.88628,1.8867,1.00,1.00
2017.11.03 04:35:04.140,1.88626,1.88671,1.00,1.00
2017.11.03 04:35:05.331,1.88625,1.8867,1.00,1.00
2017.11.03 04:35:05.928,1.88626,1.88668,1.00,1.00
2017.11.03 04:35:08.365,1.88625,1.8867,1.00,1.00
2017.11.03 04:35:09.925,1.88622,1.88663,1.12,1.00
2017.11.03 04:35:10.231,1.88615,1.88655,1.00,1.00
2017.11.03 04:35:11.541,1.88614,1.88655,1.50,1.00
2017.11.03 04:35:12.114,1.88615,1.88655,1.00,1.00
2017.11.03 04:35:12.849,1.88615,1.88656,1.00,1.00
2017.11.03 04:35:12.951,1.88618,1.88661,1.00,1.00
2017.11.03 04:35:13.610,1.88619,1.88661,1.50,1.00
2017.11.03 04:35:13.765,1.88619,1.88659,1.50,1.00
2017.11.03 04:35:14.086,1.88616,1.88656,1.00,1.00
2017.11.03 04:35:17.973,1.88613,1.88655,1.50,1.00
2017.11.03 04:35:18.024,1.8861,1.88654,1.87,1.50
2017.11.03 04:35:18.075,1.8861,1.88652,1.50,1.00
2017.11.03 04:35:18.396,1.88607,1.88648,1.00,1.00
2017.11.03 04:35:18.814,1.88603,1.88644,1.00,1.00
2017.11.03 04:35:20.669,1.886,1.88641,1.00,1.00
2017.11.03 04:35:21.175,1.886,1.8864,1.00,1.00
2017.11.03 04:35:24.691,1.886,1.88641,1.00,1.00
2017.11.03 04:35:24.742,1.88602,1.88645,1.00,1.00
2017.11.03 04:35:24.895,1.88609,1.88652,1.00,1.00
2017.11.03 04:35:24.997,1.8861,1.88655,1.00,1.00
2017.11.03 04:35:25.049,1.88611,1.88653,1.00,1.00
2017.11.03 04:35:26.191,1.88609,1.88653,1.50,1.00
2017.11.03 04:35:26.292,1.88608,1.88651,1.00,1.00
2017.11.03 04:35:27.674,1.88609,1.88651,1.00,1.00
2017.11.03 04:35:31.859,1.88607,1.8865,3.00,1.00
2017.11.03 04:35:32.674,1.88608,1.8865,1.00,1.00
2017.11.03 04:35:32.725,1.88611,1.88653,1.00,1.00
2017.11.03 04:35:34.246,1.88615,1.88659,1.00,1.00
2017.11.03 04:35:34.458,1.88613,1.88658,1.00,1.00
2017.11.03 04:35:34.974,1.88612,1.88657,1.00,1.00
2017.11.03 04:35:35.790,1.88611,1.88656,1.00,1.00
2017.11.03 04:35:35.841,1.88611,1.88654,1.00,1.00
2017.11.03 04:35:36.562,1.88612,1.88654,1.00,1.00
2017.11.03 04:35:36.904,1.88607,1.88652,1.00,1.00
2017.11.03 04:35:36.955,1.88606,1.8865,1.00,1.00
2017.11.03 04:35:37.469,1.88607,1.8865,1.00,1.12
2017.11.03 04:35:37.772,1.88609,1.88652,1.00,1.37
2017.11.03 04:35:38.763,1.88609,1.88652,1.00,1.37
2017.11.03 04:35:39.290,1.88608,1.88651,1.00,1.12
2017.11.03 04:35:39.544,1.88609,1.88654,1.50,1.00
2017.11.03 04:35:39.595,1.8861,1.88652,1.00,1.00
2017.11.03 04:35:40.278,1.88609,1.88651,1.50,1.00
2017.11.03 04:35:43.725,1.88615,1.8866,1.00,1.12
2017.11.03 04:35:51.600,1.88618,1.88661,1.00,1.37
2017.11.03 04:35:51.702,1.88619,1.88662,1.00,1.00
2017.11.03 04:35:52.439,1.88619,1.88663,1.00,1.00
2017.11.03 04:35:53.092,1.88621,1.88663,1.00,1.50
2017.11.03 04:35:53.295,1.88618,1.88663,1.00,1.87
2017.11.03 04:35:53.806,1.88618,1.88663,1.00,1.87
2017.11.03 04:35:59.449,1.88624,1.88665,1.00,1.00
2017.11.03 04:35:59.551,1.88624,1.88667,1.00,1.00
2017.11.03 04:36:00.102,1.88623,1.88666,1.00,1.00
2017.11.03 04:36:00.898,1.88622,1.88666,1.00,1.00
2017.11.03 04:36:01.512,1.88621,1.88665,1.00,1.50
2017.11.03 04:36:03.256,1.8862,1.88665,1.00,1.50
2017.11.03 04:36:03.959,1.8862,1.88664,1.00,1.00
2017.11.03 04:36:04.575,1.88622,1.88665,1.00,1.00
2017.11.03 04:36:05.599,1.8862,1.88665,1.00,1.50
2017.11.03 04:36:05.792,1.8862,1.88663,1.00,1.00
2017.11.03 04:36:08.310,1.88619,1.88663,1.00,1.00
2017.11.03 04:36:08.652,1.88627,1.88668,1.00,1.00
2017.11.03 04:36:09.214,1.88626,1.88668,1.00,1.00
2017.11.03 04:36:09.767,1.88622,1.88667,1.00,1.00
2017.11.03 04:36:09.889,1.88622,1.88665,1.00,1.00
2017.11.03 04:36:09.940,1.8862,1.88665,1.00,1.00
2017.11.03 04:36:13.797,1.88621,1.88665,1.00,1.00
2017.11.03 04:36:13.849,1.88619,1.88664,1.00,1.00
2017.11.03 04:36:13.900,1.8862,1.88662,1.00,1.00
2017.11.03 04:36:17.828,1.88618,1.88662,1.00,1.00
2017.11.03 04:36:27.544,1.8862,1.88662,1.00,1.00
2017.11.03 04:36:28.096,1.88619,1.88661,1.00,1.00
2017.11.03 04:36:28.773,1.88617,1.88661,1.00,1.00
2017.11.03 04:36:28.824,1.88614,1.88658,1.00,1.00
2017.11.03 04:36:29.351,1.88612,1.88656,1.00,1.00
2017.11.03 04:36:36.171,1.88613,1.88656,1.00,1.00
2017.11.03 04:36:37.856,1.8862,1.88657,1.00,1.00
2017.11.03 04:36:37.907,1.88622,1.88664,1.00,1.00
2017.11.03 04:36:38.572,1.88623,1.88665,1.00,1.00
2017.11.03 04:36:40.778,1.88623,1.88664,1.00,1.00
2017.11.03 04:36:43.576,1.88624,1.88664,1.00,1.00
2017.11.03 04:36:43.985,1.88624,1.88662,1.00,1.00
2017.11.03 04:36:44.795,1.88624,1.88664,1.00,1.00
2017.11.03 04:36:44.897,1.88627,1.88664,1.00,1.00
2017.11.03 04:36:45.449,1.88626,1.88664,1.00,1.00
2017.11.03 04:36:47.115,1.88626,1.88666,1.00,1.00
2017.11.03 04:36:47.298,1.88624,1.88666,1.00,1.00
2017.11.03 04:36:51.274,1.88626,1.88666,1.00,1.00
2017.11.03 04:36:51.933,1.88625,1.88666,1.00,1.00
2017.11.03 04:36:54.558,1.88624,1.88666,1.00,1.00
2017.11.03 04:36:56.107,1.88623,1.88666,1.00,1.50
2017.11.03 04:37:00.468,1.88623,1.88667,1.00,1.00
2017.11.03 04:37:00.970,1.88622,1.88666,1.00,1.00
2017.11.03 04:37:01.511,1.88623,1.88666,1.00,1.00
2017.11.03 04:37:02.632,1.88615,1.8866,1.00,1.00
2017.11.03 04:37:03.006,1.88612,1.88657,1.00,1.00
2017.11.03 04:37:14.546,1.88613,1.88657,1.00,1.00
2017.11.03 04:37:15.149,1.88614,1.88657,1.00,1.00
2017.11.03 04:37:18.763,1.88614,1.88658,1.00,1.00
2017.11.03 04:37:19.281,1.88613,1.88658,1.00,1.00
2017.11.03 04:37:22.673,1.88613,1.88656,1.00,1.00
2017.11.03 04:37:25.278,1.88613,1.88658,1.00,1.00
2017.11.03 04:37:27.059,1.88613,1.88659,1.00,1.00
2017.11.03 04:37:27.836,1.88616,1.8866,1.00,1.00
2017.11.03 04:37:29.928,1.88626,1.8867,1.00,1.50
2017.11.03 04:37:30.258,1.88632,1.8867,1.00,1.50
2017.11.03 04:37:30.360,1.88626,1.8867,1.00,1.00
2017.11.03 04:37:31.009,1.88625,1.88669,1.00,1.00
2017.11.03 04:37:31.616,1.88626,1.88669,1.00,1.00
2017.11.03 04:37:34.074,1.88622,1.88667,1.00,1.00
2017.11.03 04:37:35.073,1.8862,1.88663,1.00,1.00
2017.11.03 04:37:35.226,1.8861,1.88655,1.87,1.00
2017.11.03 04:37:35.328,1.8861,1.88653,1.00,1.00
2017.11.03 04:37:35.430,1.88608,1.88653,1.00,1.00
2017.11.03 04:37:36.215,1.88608,1.88651,1.00,1.00
2017.11.03 04:37:36.266,1.88606,1.88652,1.00,1.00
2017.11.03 04:37:36.904,1.88607,1.8865,1.00,1.00
2017.11.03 04:37:37.829,1.88606,1.8865,1.00,1.00
2017.11.03 04:37:38.502,1.88605,1.8865,1.00,1.00
2017.11.03 04:37:39.949,1.88606,1.8865,1.00,1.00
2017.11.03 04:37:41.286,1.88606,1.88651,1.00,1.00
2017.11.03 04:37:41.785,1.88619,1.8866,1.00,1.87
2017.11.03 04:37:41.887,1.88621,1.88663,1.00,1.00
2017.11.03 04:37:42.128,1.88623,1.88663,1.00,1.00
2017.11.03 04:37:42.784,1.88623,1.88665,1.00,1.37
2017.11.03 04:37:43.767,1.88624,1.88665,1.00,1.37
2017.11.03 04:37:44.069,1.88633,1.8867,1.00,1.00
2017.11.03 04:37:45.055,1.88632,1.8867,1.00,1.00
2017.11.03 04:37:45.564,1.88633,1.8867,1.00,1.00
2017.11.03 04:37:46.106,1.88632,1.8867,1.00,1.00
2017.11.03 04:37:47.955,1.88632,1.88671,1.00,1.00
2017.11.03 04:37:48.531,1.88633,1.88671,1.00,1.00
2017.11.03 04:37:48.684,1.88629,1.88671,1.00,1.00
2017.11.03 04:37:49.732,1.88629,1.8867,1.00,1.00
2017.11.03 04:37:51.982,1.88628,1.8867,1.00,1.00
2017.11.03 04:37:52.876,1.88628,1.88671,1.00,1.00
2017.11.03 04:37:53.429,1.88628,1.8867,1.00,1.00
2017.11.03 04:37:54.586,1.88628,1.88671,1.00,1.00
2017.11.03 04:37:56.376,1.88629,1.88671,1.00,1.00
2017.11.03 04:37:56.909,1.8863,1.88671,1.00,1.00
2017.11.03 04:38:00.939,1.8863,1.8867,1.00,1.00
2017.11.03 04:38:02.045,1.8863,1.88671,1.00,1.00
2017.11.03 04:38:04.524,1.88631,1.88671,1.00,1.00
2017.11.03 04:38:05.166,1.88632,1.8867,1.00,1.00
2017.11.03 04:38:08.107,1.88632,1.88671,1.00,1.00
2017.11.03 04:38:09.320,1.88631,1.88671,1.00,1.00
2017.11.03 04:38:09.864,1.88631,1.8867,1.00,1.00
2017.11.03 04:38:13.065,1.88631,1.88671,1.00,1.00
2017.11.03 04:38:15.732,1.88631,1.8867,1.00,1.00
2017.11.03 04:38:16.525,1.88631,1.88671,1.00,1.00
2017.11.03 04:38:17.114,1.88631,1.8867,1.00,1.00
2017.11.03 04:38:20.519,1.8863,1.8867,1.00,1.00
2017.11.03 04:38:21.034,1.8863,1.88671,1.00,1.00
2017.11.03 04:38:21.565,1.8863,1.8867,1.00,1.00
2017.11.03 04:38:24.909,1.88621,1.88666,1.50,1.00
2017.11.03 04:38:25.011,1.88625,1.88664,1.00,1.12
2017.11.03 04:38:25.317,1.88619,1.88664,1.00,1.87
2017.11.03 04:38:25.535,1.88623,1.88664,1.00,1.37
2017.11.03 04:38:25.637,1.88623,1.88669,1.00,1.87
2017.11.03 04:38:27.172,1.88625,1.8867,1.00,1.37
2017.11.03 04:38:27.512,1.88627,1.88671,1.00,2.62
2017.11.03 04:38:28.013,1.88628,1.88672,1.00,2.62
2017.11.03 04:38:28.064,1.8863,1.88676,1.00,1.00
2017.11.03 04:38:28.115,1.88638,1.88682,1.00,1.00
2017.11.03 04:38:28.218,1.88635,1.88681,1.00,1.12
2017.11.03 04:38:28.270,1.88635,1.88679,1.00,1.00
2017.11.03 04:38:29.675,1.88636,1.8868,1.00,1.00
2017.11.03 04:38:30.158,1.88638,1.88684,1.00,2.62
2017.11.03 04:38:30.209,1.88639,1.88683,1.00,1.00
2017.11.03 04:38:31.072,1.88639,1.88684,1.00,1.00
2017.11.03 04:38:33.536,1.88638,1.88684,1.00,1.00
2017.11.03 04:38:33.588,1.88637,1.88678,1.00,1.00
2017.11.03 04:38:33.689,1.88631,1.88678,1.00,1.50
2017.11.03 04:38:33.740,1.88633,1.88677,1.00,1.00
2017.11.03 04:38:34.682,1.88632,1.88678,1.00,1.50
2017.11.03 04:38:34.988,1.88637,1.88682,1.00,1.37
2017.11.03 04:38:35.726,1.88638,1.88683,1.00,1.87
2017.11.03 04:38:39.717,1.88637,1.88682,1.00,1.37
2017.11.03 04:38:40.814,1.88638,1.88683,1.00,1.37
2017.11.03 04:38:41.735,1.88641,1.88685,1.00,1.87
2017.11.03 04:38:42.580,1.88641,1.88685,1.00,1.37
2017.11.03 04:38:45.660,1.8864,1.88685,1.00,1.37
2017.11.03 04:38:48.921,1.88639,1.88686,1.00,1.87
2017.11.03 04:38:49.468,1.8864,1.88685,1.00,1.00
2017.11.03 04:38:50.086,1.88641,1.88686,1.00,1.50
2017.11.03 04:38:50.642,1.88641,1.88687,1.00,1.00
2017.11.03 04:38:52.381,1.88642,1.88687,1.00,1.00
2017.11.03 04:38:53.400,1.88642,1.88686,1.00,1.00
2017.11.03 04:38:57.375,1.88642,1.88687,1.00,1.00
2017.11.03 04:38:58.242,1.88642,1.88688,1.00,1.00
2017.11.03 04:38:58.395,1.88643,1.8869,1.00,1.50
2017.11.03 04:39:01.300,1.88645,1.8869,1.00,1.00
2017.11.03 04:39:01.402,1.88645,1.88692,1.00,1.50
2017.11.03 04:39:02.148,1.88645,1.88692,1.00,1.37
2017.11.03 04:39:02.877,1.88647,1.88692,1.00,1.37
2017.11.03 04:39:03.509,1.88644,1.88689,1.00,1.00
2017.11.03 04:39:03.560,1.88641,1.88686,1.00,1.00
2017.11.03 04:39:03.879,1.88641,1.88685,1.00,1.37
2017.11.03 04:39:04.523,1.8864,1.88685,1.00,1.87
2017.11.03 04:39:05.782,1.88639,1.88685,1.00,1.37
2017.11.03 04:39:16.383,1.88639,1.88684,1.00,1.50
2017.11.03 04:39:16.434,1.88636,1.88683,1.00,1.00
2017.11.03 04:39:16.680,1.88638,1.88683,1.00,1.00
2017.11.03 04:39:17.080,1.88636,1.88683,1.00,1.00
2017.11.03 04:39:18.568,1.88635,1.88682,1.00,1.00
2017.11.03 04:39:24.932,1.88636,1.88683,1.00,1.00
2017.11.03 04:39:27.514,1.88637,1.88684,1.00,1.87
2017.11.03 04:39:27.565,1.88637,1.88682,1.00,1.00
2017.11.03 04:39:29.126,1.88636,1.88681,1.00,1.00
2017.11.03 04:39:46.157,1.88636,1.88681,1.00,1.37
2017.11.03 04:39:47.749,1.88631,1.88676,1.00,1.12
2017.11.03 04:39:47.851,1.88631,1.88672,1.00,1.00
2017.11.03 04:39:48.248,1.88631,1.88675,1.00,1.00
2017.11.03 04:39:48.752,1.88632,1.88675,1.00,1.00
2017.11.03 04:39:49.331,1.88631,1.88675,1.50,1.00
2017.11.03 04:39:49.930,1.88631,1.88676,1.50,1.12
2017.11.03 04:39:52.873,1.88632,1.88677,1.00,1.37
2017.11.03 04:40:00.399,1.88632,1.88677,1.00,1.00
2017.11.03 04:40:02.091,1.88637,1.88685,1.00,1.00
2017.11.03 04:40:02.193,1.88639,1.88687,1.00,1.50
2017.11.03 04:40:02.346,1.88637,1.88687,1.50,1.50
2017.11.03 04:40:02.542,1.88639,1.88687,1.00,1.50
2017.11.03 04:40:04.016,1.88639,1.88688,1.00,1.50
2017.11.03 04:40:08.400,1.88639,1.88687,1.00,1.00
2017.11.03 04:40:09.055,1.88639,1.88688,1.00,1.50
2017.11.03 04:40:10.421,1.88643,1.8869,1.00,1.50
2017.11.03 04:40:10.925,1.88643,1.88689,1.00,1.00
2017.11.03 04:40:11.316,1.8864,1.88689,1.00,1.00
2017.11.03 04:40:12.073,1.8864,1.88688,1.00,1.00
2017.11.03 04:40:13.466,1.88641,1.88688,1.00,1.50
2017.11.03 04:40:14.708,1.88638,1.88688,1.50,1.50
2017.11.03 04:40:15.250,1.88638,1.88687,1.00,1.00
2017.11.03 04:40:15.978,1.88638,1.88686,1.00,1.00
2017.11.03 04:40:16.556,1.88638,1.88687,1.00,1.50
2017.11.03 04:40:16.749,1.88638,1.88685,1.00,1.00
2017.11.03 04:40:16.850,1.88635,1.88684,1.00,1.00
2017.11.03 04:40:17.375,1.88636,1.88684,1.00,1.50
2017.11.03 04:40:17.949,1.88635,1.88682,1.00,1.00
2017.11.03 04:40:18.580,1.88635,1.88683,1.00,1.50
2017.11.03 04:40:22.261,1.88633,1.88683,1.00,1.50
2017.11.03 04:40:22.417,1.88635,1.88683,1.00,1.50
2017.11.03 04:40:22.854,1.88633,1.88681,1.00,1.00
2017.11.03 04:40:23.362,1.88634,1.88681,1.00,1.00
2017.11.03 04:40:24.878,1.88635,1.88682,1.00,1.00
2017.11.03 04:40:25.570,1.88634,1.88682,1.00,1.00
2017.11.03 04:40:30.227,1.88635,1.88682,1.00,1.00
2017.11.03 04:40:30.430,1.88633,1.88682,1.00,1.00
2017.11.03 04:40:33.217,1.88633,1.88681,1.00,1.00
2017.11.03 04:40:33.770,1.88634,1.88681,1.00,1.00
2017.11.03 04:40:35.243,1.88633,1.88683,1.00,1.87
2017.11.03 04:40:35.345,1.88635,1.88683,1.00,1.87
2017.11.03 04:40:35.902,1.88634,1.88682,1.00,1.00
2017.11.03 04:40:41.173,1.88636,1.88683,1.00,1.00
2017.11.03 04:40:41.492,1.88641,1.88684,1.00,1.00
2017.11.03 04:40:43.553,1.88638,1.88684,1.00,1.00
2017.11.03 04:40:44.276,1.88637,1.88684,1.00,1.00
2017.11.03 04:40:47.486,1.88637,1.88686,1.00,1.00
2017.11.03 04:40:47.727,1.88637,1.88684,1.00,1.00
2017.11.03 04:40:48.060,1.88639,1.88686,1.00,1.00
2017.11.03 04:40:50.727,1.88638,1.88686,1.00,1.87
2017.11.03 04:40:51.282,1.88639,1.88686,1.00,1.12
2017.11.03 04:40:53.648,1.88638,1.88684,1.00,1.87
2017.11.03 04:40:54.386,1.88638,1.88685,1.00,1.87
2017.11.03 04:40:59.227,1.88639,1.88685,1.00,1.87
2017.11.03 04:41:00.268,1.88638,1.88678,1.00,1.00
2017.11.03 04:41:00.904,1.88637,1.88677,1.00,1.00
2017.11.03 04:41:01.667,1.88638,1.88677,1.00,1.00
2017.11.03 04:41:02.176,1.88637,1.88677,1.00,1.00
2017.11.03 04:41:04.092,1.88638,1.88675,1.00,1.00
2017.11.03 04:41:08.365,1.88638,1.88682,1.00,1.12
2017.11.03 04:41:09.106,1.88637,1.88682,1.00,1.12
2017.11.03 04:41:11.538,1.88638,1.88684,1.00,1.37
2017.11.03 04:41:12.201,1.88637,1.88684,1.00,1.37
2017.11.03 04:41:12.737,1.88638,1.88686,1.00,1.87
2017.11.03 04:41:13.358,1.88637,1.88685,1.00,1.87
2017.11.03 04:41:13.956,1.88638,1.88684,1.00,1.87
2017.11.03 04:41:18.232,1.88637,1.88684,1.00,1.37
2017.11.03 04:41:20.118,1.88637,1.88684,1.00,1.37
2017.11.03 04:41:20.814,1.88638,1.88682,1.00,1.00
2017.11.03 04:41:21.476,1.88637,1.88682,1.00,1.00
2017.11.03 04:41:23.105,1.88638,1.88682,1.00,1.00
2017.11.03 04:41:24.578,1.88637,1.88683,1.00,1.12
2017.11.03 04:41:25.333,1.88638,1.88683,1.00,1.12
2017.11.03 04:41:31.812,1.88645,1.88686,1.00,1.37
2017.11.03 04:41:34.496,1.88645,1.88686,1.00,1.37
2017.11.03 04:41:36.141,1.88644,1.88686,1.00,1.37
2017.11.03 04:41:36.675,1.88644,1.88684,1.00,1.87
2017.11.03 04:41:43.730,1.88643,1.88684,1.00,1.87
2017.11.03 04:41:43.781,1.88641,1.88684,1.00,1.87
2017.11.03 04:41:45.456,1.88643,1.88684,1.00,1.87
2017.11.03 04:41:45.981,1.88642,1.88685,1.00,1.87
2017.11.03 04:41:48.356,1.88641,1.88683,1.00,1.37
2017.11.03 04:41:51.367,1.8864,1.88683,1.00,1.37
2017.11.03 04:41:51.418,1.88637,1.88683,1.00,1.37
2017.11.03 04:41:51.928,1.88636,1.88682,1.00,3.37
2017.11.03 04:41:55.953,1.88635,1.88682,1.00,3.37
2017.11.03 04:41:56.004,1.88633,1.88679,1.00,1.37
2017.11.03 04:41:58.028,1.88635,1.88679,1.00,1.37
2017.11.03 04:42:00.162,1.88636,1.88681,1.00,1.37
2017.11.03 04:42:00.213,1.8864,1.88683,1.00,2.62
2017.11.03 04:42:00.757,1.88641,1.88683,1.00,1.87
2017.11.03 04:42:01.097,1.8864,1.8868,1.00,1.87
2017.11.03 04:42:01.982,1.88639,1.88679,1.00,1.87
2017.11.03 04:42:03.686,1.88638,1.88679,1.00,1.87
2017.11.03 04:42:03.983,1.88632,1.88679,1.00,1.87
2017.11.03 04:42:05.884,1.88631,1.88678,1.00,1.37
2017.11.03 04:42:11.158,1.88631,1.88678,1.00,2.62
2017.11.03 04:42:12.014,1.88631,1.88678,1.00,2.62
2017.11.03 04:42:12.168,1.88633,1.88679,1.00,1.12
2017.11.03 04:42:17.260,1.88632,1.88678,1.00,1.00
2017.11.03 04:42:17.568,1.88614,1.88659,1.00,1.37
2017.11.03 04:42:17.881,1.88615,1.88648,1.00,1.00
2017.11.03 04:42:18.503,1.88616,1.88649,1.00,1.00
2017.11.03 04:42:18.657,1.88619,1.88653,1.00,1.00
2017.11.03 04:42:18.708,1.88619,1.88661,1.00,2.62
2017.11.03 04:42:20.137,1.88618,1.88661,1.00,2.62
2017.11.03 04:42:21.744,1.88617,1.88661,1.00,2.62
2017.11.03 04:42:22.763,1.88619,1.88661,1.00,1.87
2017.11.03 04:42:23.270,1.88618,1.88661,1.00,2.62
2017.11.03 04:42:24.080,1.88613,1.8866,1.00,1.37
2017.11.03 04:42:26.458,1.88615,1.88661,1.00,1.87
2017.11.03 04:42:27.991,1.88614,1.88661,1.00,2.62
2017.11.03 04:42:32.213,1.88614,1.88661,1.00,1.37
2017.11.03 04:42:42.461,1.88616,1.88661,1.00,1.37
2017.11.03 04:42:42.913,1.88616,1.8866,1.00,1.87
2017.11.03 04:42:53.157,1.88616,1.88661,1.00,2.62
2017.11.03 04:42:53.966,1.88614,1.88659,1.00,1.87
2017.11.03 04:42:54.296,1.88613,1.88659,1.00,1.37
2017.11.03 04:42:54.967,1.88613,1.8866,1.00,1.37
2017.11.03 04:42:55.815,1.88614,1.88661,1.00,1.87
2017.11.03 04:42:57.334,1.88613,1.88661,1.00,1.87
2017.11.03 04:42:58.202,1.88611,1.88647,1.00,1.00
2017.11.03 04:42:58.304,1.88609,1.88647,1.00,1.00
2017.11.03 04:42:58.355,1.8861,1.88653,1.00,1.00
2017.11.03 04:42:59.015,1.88611,1.88654,1.00,1.00
2017.11.03 04:43:00.173,1.88614,1.88654,1.00,1.00
2017.11.03 04:43:02.353,1.88615,1.88654,1.00,1.00
2017.11.03 04:43:02.404,1.88617,1.88661,1.00,1.00
2017.11.03 04:43:02.456,1.88619,1.88661,1.00,1.00
2017.11.03 04:43:02.761,1.88613,1.88654,1.00,1.00
2017.11.03 04:43:06.312,1.88613,1.88653,1.00,1.00
2017.11.03 04:43:07.266,1.88613,1.88654,1.00,1.00
2017.11.03 04:43:07.571,1.88621,1.88662,1.00,1.00
2017.11.03 04:43:08.150,1.88622,1.88662,1.00,1.00
2017.11.03 04:43:08.375,1.88622,1.88669,1.00,1.00
2017.11.03 04:43:09.350,1.88624,1.88668,1.00,1.00
2017.11.03 04:43:11.469,1.88623,1.88668,1.00,1.00
2017.11.03 04:43:11.928,1.88618,1.88666,1.00,1.00
2017.11.03 04:43:12.481,1.88617,1.88666,1.00,1.00
2017.11.03 04:43:13.025,1.88613,1.88662,1.00,1.00
2017.11.03 04:43:13.380,1.88612,1.88658,1.00,1.00
2017.11.03 04:43:14.502,1.88612,1.88659,1.00,1.00
2017.11.03 04:43:24.222,1.88612,1.88658,1.00,1.00
2017.11.03 04:43:25.862,1.88612,1.88659,1.00,1.00
2017.11.03 04:43:27.616,1.88619,1.88664,1.37,1.00
2017.11.03 04:43:27.668,1.88622,1.88668,1.00,1.00
2017.11.03 04:43:28.203,1.8862,1.88667,1.37,1.00
2017.11.03 04:43:33.454,1.8862,1.88667,1.00,1.00
2017.11.03 04:43:38.088,1.8862,1.88666,1.00,1.00
2017.11.03 04:43:38.140,1.8862,1.88669,1.00,1.50
2017.11.03 04:43:38.643,1.8862,1.88668,1.00,1.00
2017.11.03 04:43:39.145,1.8862,1.88669,1.00,1.50
2017.11.03 04:43:40.103,1.8862,1.88668,1.00,1.00
2017.11.03 04:43:40.822,1.88626,1.88669,1.00,1.00
2017.11.03 04:43:41.165,1.88628,1.88669,1.00,1.00
2017.11.03 04:43:41.726,1.88628,1.88668,1.00,1.00
2017.11.03 04:43:45.051,1.88624,1.88669,1.00,1.00
2017.11.03 04:43:47.582,1.88625,1.88668,1.00,1.00
2017.11.03 04:43:50.339,1.88625,1.88671,1.00,1.00
2017.11.03 04:43:52.143,1.88626,1.88671,1.00,1.00
2017.11.03 04:43:53.745,1.88626,1.8867,1.00,1.00
2017.11.03 04:43:54.335,1.88626,1.88671,1.00,1.00
2017.11.03 04:43:58.735,1.88626,1.8867,1.00,1.00
2017.11.03 04:44:02.900,1.88624,1.8867,1.00,1.00
2017.11.03 04:44:03.431,1.88624,1.88671,1.00,1.00
2017.11.03 04:44:03.680,1.88625,1.88668,1.12,1.00
2017.11.03 04:44:04.100,1.88626,1.88668,1.37,1.00
2017.11.03 04:44:04.151,1.88629,1.88676,1.00,1.00
2017.11.03 04:44:04.455,1.8863,1.88678,1.00,1.50
2017.11.03 04:44:05.031,1.8863,1.88677,1.00,1.00
2017.11.03 04:44:05.216,1.88627,1.88676,1.00,1.00
2017.11.03 04:44:05.765,1.88627,1.88675,1.00,1.00
2017.11.03 04:44:06.819,1.88625,1.88676,1.00,1.50
2017.11.03 04:44:09.788,1.88624,1.88675,1.00,1.00
2017.11.03 04:44:09.840,1.88624,1.88672,1.00,1.00
2017.11.03 04:44:10.262,1.88622,1.88671,1.00,1.50
2017.11.03 04:44:10.829,1.88622,1.8867,1.00,1.00
2017.11.03 04:44:10.880,1.88624,1.88671,1.00,1.00
2017.11.03 04:44:11.533,1.88625,1.8867,1.00,1.00
2017.11.03 04:44:12.472,1.88625,1.88671,1.00,1.00
2017.11.03 04:44:13.556,1.88625,1.8867,1.00,1.00
2017.11.03 04:44:15.010,1.88624,1.8867,1.00,1.00
2017.11.03 04:44:15.688,1.88624,1.88671,1.00,1.00
2017.11.03 04:44:16.353,1.88626,1.88671,1.00,1.00
2017.11.03 04:44:16.900,1.88626,1.8867,1.00,1.00
2017.11.03 04:44:17.488,1.88626,1.88671,1.00,1.00
2017.11.03 04:44:18.744,1.88626,1.8867,1.00,1.00
2017.11.03 04:44:19.942,1.88626,1.88671,1.00,1.00
2017.11.03 04:44:20.945,1.88626,1.8867,1.00,1.00
2017.11.03 04:44:23.990,1.88626,1.88671,1.00,1.00
2017.11.03 04:44:25.715,1.88626,1.8867,1.00,1.00
2017.11.03 04:44:27.555,1.88626,1.88671,1.00,1.00
2017.11.03 04:44:28.063,1.88624,1.88671,1.00,1.00
2017.11.03 04:44:28.935,1.88623,1.88671,1.00,1.00
2017.11.03 04:44:29.460,1.88622,1.8867,1.00,1.00
2017.11.03 04:44:29.972,1.88622,1.88671,1.00,1.00
2017.11.03 04:44:33.337,1.88622,1.8867,1.00,1.00
2017.11.03 04:44:33.861,1.88623,1.8867,1.00,1.00
2017.11.03 04:44:34.554,1.88623,1.88671,1.00,1.00
2017.11.03 04:44:36.924,1.8862,1.8867,1.00,1.00
2017.11.03 04:44:37.077,1.88622,1.8867,1.00,1.00
2017.11.03 04:44:37.623,1.88623,1.8867,1.00,1.00
2017.11.03 04:44:37.767,1.88619,1.88669,1.00,1.00
2017.11.03 04:44:37.818,1.88617,1.88667,1.00,1.00
2017.11.03 04:44:38.186,1.88616,1.88662,1.00,1.00
2017.11.03 04:44:38.777,1.88616,1.88661,1.00,1.00
2017.11.03 04:44:39.324,1.88615,1.88662,1.00,1.00
2017.11.03 04:44:47.979,1.88615,1.88661,1.00,1.00
2017.11.03 04:44:48.262,1.88621,1.88669,1.00,1.50
2017.11.03 04:44:50.266,1.88619,1.8867,1.00,2.25
2017.11.03 04:44:50.957,1.88617,1.88666,1.00,1.00
2017.11.03 04:44:51.794,1.88619,1.88668,1.00,1.00
2017.11.03 04:44:52.053,1.88617,1.88668,1.00,1.00
2017.11.03 04:44:52.414,1.88616,1.88666,1.00,1.00
2017.11.03 04:44:54.031,1.88615,1.88665,1.50,1.00
2017.11.03 04:44:54.336,1.88612,1.8866,1.00,1.00
2017.11.03 04:44:54.897,1.88611,1.8866,1.00,1.00
2017.11.03 04:44:55.424,1.88611,1.88659,1.00,1.00
2017.11.03 04:45:00.123,1.88609,1.88658,1.37,1.00
2017.11.03 04:45:03.293,1.88609,1.8866,1.37,1.50
2017.11.03 04:45:03.445,1.8861,1.88658,1.12,1.00
2017.11.03 04:45:05.696,1.8861,1.88659,1.00,1.00
2017.11.03 04:45:05.972,1.88608,1.88658,1.00,1.00
2017.11.03 04:45:06.501,1.8861,1.88657,1.00,1.00
2017.11.03 04:45:07.145,1.88608,1.88657,1.00,1.00
2017.11.03 04:45:07.248,1.88613,1.8866,1.00,1.00
2017.11.03 04:45:07.299,1.88613,1.88662,1.00,1.00
2017.11.03 04:45:08.051,1.88613,1.88663,1.00,1.50
2017.11.03 04:45:08.637,1.88619,1.88665,1.00,1.00
2017.11.03 04:45:08.688,1.88617,1.88665,1.00,1.00
2017.11.03 04:45:09.227,1.88618,1.88666,1.00,1.00
2017.11.03 04:45:10.498,1.88615,1.88665,1.00,1.00
2017.11.03 04:45:21.163,1.88621,1.88668,1.37,1.00
2017.11.03 04:45:21.316,1.88622,1.8867,1.87,1.00
2017.11.03 04:45:21.468,1.8862,1.88668,1.37,1.00
2017.11.03 04:45:22.136,1.88619,1.88667,1.37,1.00
2017.11.03 04:45:22.710,1.88619,1.88662,1.37,1.00
2017.11.03 04:45:23.416,1.88618,1.88661,1.37,1.00
2017.11.03 04:45:28.119,1.88619,1.88662,1.37,1.00
2017.11.03 04:45:28.607,1.88619,1.8866,1.37,1.00
2017.11.03 04:45:29.310,1.88619,1.88661,1.37,1.00
2017.11.03 04:45:32.643,1.88619,1.88661,1.37,1.00
2017.11.03 04:45:33.181,1.88619,1.88661,1.00,1.00
2017.11.03 04:45:38.989,1.88618,1.88661,1.00,1.00
2017.11.03 04:45:43.370,1.8862,1.8866,2.62,1.00
2017.11.03 04:45:43.421,1.88622,1.88667,1.37,1.00
2017.11.03 04:45:43.522,1.88623,1.88669,1.37,1.00
2017.11.03 04:45:43.776,1.88624,1.88669,1.37,1.00
2017.11.03 04:45:44.534,1.88625,1.8867,1.37,1.00
2017.11.03 04:45:48.277,1.88625,1.88669,1.37,1.00
2017.11.03 04:45:55.291,1.88626,1.88669,1.00,1.00
2017.11.03 04:45:55.782,1.88623,1.8867,1.50,1.00
2017.11.03 04:45:55.885,1.8862,1.88664,1.00,1.00
2017.11.03 04:45:56.236,1.88618,1.88664,1.87,1.00
2017.11.03 04:45:56.755,1.88618,1.88663,1.00,1.00
2017.11.03 04:46:00.707,1.88615,1.88662,1.87,1.00
2017.11.03 04:46:01.391,1.88615,1.88661,1.87,1.00
2017.11.03 04:46:04.883,1.88615,1.8866,1.87,1.00
2017.11.03 04:46:06.433,1.88615,1.88661,1.37,1.00
2017.11.03 04:46:09.444,1.88615,1.88661,1.00,1.00
2017.11.03 04:46:09.964,1.88615,1.8866,1.37,1.00
2017.11.03 04:46:14.482,1.88615,1.88662,1.37,1.00
2017.11.03 04:46:14.533,1.88617,1.88666,1.00,1.00
2017.11.03 04:46:14.636,1.88619,1.88666,1.00,1.00
2017.11.03 04:46:15.848,1.88621,1.88666,1.00,1.00
2017.11.03 04:46:16.367,1.88621,1.88667,1.00,1.00
2017.11.03 04:46:26.989,1.88621,1.88669,1.00,1.00
2017.11.03 04:46:30.199,1.88621,1.88667,1.00,1.00
2017.11.03 04:46:44.623,1.88621,1.88665,1.00,1.00
2017.11.03 04:46:44.674,1.88621,1.88667,1.00,1.00
2017.11.03 04:46:45.277,1.88621,1.88668,1.00,1.00
2017.11.03 04:46:55.500,1.88628,1.88674,1.00,1.00
2017.11.03 04:46:55.602,1.8863,1.8868,1.50,1.00
2017.11.03 04:46:55.653,1.88631,1.88682,1.50,1.00
2017.11.03 04:46:56.463,1.88632,1.88682,1.00,1.00
2017.11.03 04:46:57.009,1.88633,1.88682,1.00,1.00
2017.11.03 04:46:57.537,1.88634,1.88682,1.00,1.00
2017.11.03 04:47:08.793,1.88634,1.88681,1.00,1.00
2017.11.03 04:47:17.881,1.88634,1.88682,1.00,1.00
2017.11.03 04:47:18.958,1.88634,1.88679,1.00,1.00
2017.11.03 04:47:19.272,1.88631,1.88678,1.00,1.00
