2012.09.07 07:00:00.499,1.9838,1.98431,2.20,1.50
2012.09.07 07:00:00.953,1.98385,1.98441,1.97,1.73
2012.09.07 07:00:01.090,1.98385,1.98441,1.50,1.73
2012.09.07 07:00:01.218,1.98385,1.98441,1.50,1.73
2012.09.07 07:00:01.488,1.98382,1.98433,1.73,2.01
2012.09.07 07:00:02.250,1.98384,1.98436,1.50,2.01
2012.09.07 07:00:02.378,1.98382,1.98431,1.73,1.50
2012.09.07 07:00:25.747,1.98382,1.98434,1.73,2.01
2012.09.07 07:00:26.158,1.98383,1.98439,2.25,1.73
2012.09.07 07:00:26.690,1.98385,1.98439,1.45,1.50
2012.09.07 07:00:27.028,1.98392,1.98447,1.73,1.26
2012.09.07 07:00:31.910,1.98392,1.98444,1.73,1.04
2012.09.07 07:00:32.101,1.98392,1.98444,1.50,1.26
2012.09.07 07:00:32.298,1.98392,1.9845,1.73,2.01
2012.09.07 07:00:32.429,1.98384,1.98442,2.21,2.01
2012.09.07 07:00:34.707,1.98389,1.98439,1.50,1.73
2012.09.07 07:00:35.054,1.98386,1.98433,1.84,1.50
2012.09.07 07:00:35.872,1.98388,1.98437,1.50,1.73
2012.09.07 07:00:36.217,1.98388,1.98444,1.73,1.79
2012.09.07 07:00:37.398,1.98406,1.98447,1.50,2.01
2012.09.07 07:00:37.588,1.98403,1.98452,1.50,2.01
2012.09.07 07:00:37.659,1.98396,1.98452,1.50,2.01
2012.09.07 07:00:38.165,1.98392,1.98442,2.10,1.50
2012.09.07 07:00:40.371,1.98387,1.98433,1.78,1.50
2012.09.07 07:00:41.888,1.98384,1.98433,1.18,1.50
2012.09.07 07:00:45.209,1.98382,1.98433,1.31,2.01
2012.09.07 07:00:45.548,1.98382,1.98431,1.31,1.50
2012.09.07 07:00:53.998,1.98378,1.98431,1.07,1.50
2012.09.07 07:00:57.407,1.9838,1.98434,2.10,2.01
2012.09.07 07:00:57.592,1.98378,1.9843,1.07,1.50
2012.09.07 07:00:58.492,1.98378,1.9842,1.07,1.50
2012.09.07 07:00:58.739,1.98377,1.98424,1.40,2.25
2012.09.07 07:00:58.810,1.98373,1.98424,1.09,2.76
2012.09.07 07:00:59.359,1.98378,1.9842,1.07,1.50
2012.09.07 07:00:59.430,1.98376,1.9843,1.73,1.79
2012.09.07 07:00:59.558,1.98373,1.9843,1.09,2.01
2012.09.07 07:00:59.629,1.9837,1.98421,1.46,1.50
2012.09.07 07:00:59.941,1.98367,1.98416,1.78,1.50
2012.09.07 07:01:00.476,1.98369,1.98416,1.03,1.50
2012.09.07 07:01:00.609,1.98376,1.98424,1.22,1.73
2012.09.07 07:01:00.678,1.98376,1.98424,1.45,1.50
2012.09.07 07:01:01.747,1.98374,1.98424,1.40,1.50
2012.09.07 07:01:01.877,1.98369,1.98424,1.31,1.50
2012.09.07 07:01:02.328,1.98369,1.98424,1.31,1.73
2012.09.07 07:01:02.591,1.98369,1.98424,1.31,1.50
2012.09.07 07:01:02.658,1.98369,1.98424,1.31,1.79
2012.09.07 07:01:02.790,1.98369,1.98424,1.31,2.01
2012.09.07 07:01:02.883,1.98374,1.98424,1.13,2.01
2012.09.07 07:01:03.199,1.98369,1.98424,1.31,1.50
2012.09.07 07:01:03.398,1.98369,1.98424,1.31,1.79
2012.09.07 07:01:03.731,1.98374,1.98424,1.69,1.50
2012.09.07 07:01:04.058,1.98369,1.98424,1.31,1.79
2012.09.07 07:01:04.248,1.98375,1.98424,1.35,1.50
2012.09.07 07:01:04.318,1.98375,1.98424,1.35,1.50
2012.09.07 07:01:04.508,1.98372,1.98424,1.31,1.50
2012.09.07 07:01:04.578,1.98375,1.98424,1.35,1.79
2012.09.07 07:01:05.180,1.98375,1.98424,1.35,1.79
2012.09.07 07:01:05.557,1.98375,1.98424,1.73,1.79
2012.09.07 07:01:06.088,1.98374,1.98424,1.73,1.50
2012.09.07 07:01:06.778,1.98373,1.98424,1.69,1.50
2012.09.07 07:01:07.081,1.98373,1.98424,1.69,1.50
2012.09.07 07:01:07.439,1.98376,1.98424,1.45,1.50
2012.09.07 07:01:07.509,1.98378,1.98434,2.20,2.01
2012.09.07 07:01:07.638,1.98377,1.98427,1.45,1.50
2012.09.07 07:01:07.942,1.98377,1.98427,1.45,1.50
2012.09.07 07:01:09.730,1.98377,1.98427,1.45,1.50
2012.09.07 07:01:11.068,1.98378,1.98427,1.35,1.50
2012.09.07 07:01:12.920,1.98385,1.98435,1.45,1.50
2012.09.07 07:01:14.462,1.98386,1.98435,1.45,1.50
2012.09.07 07:01:14.758,1.98379,1.98435,2.48,1.50
2012.09.07 07:01:14.888,1.98378,1.98427,1.82,1.50
2012.09.07 07:01:15.312,1.98378,1.98427,1.82,1.50
2012.09.07 07:01:16.150,1.98373,1.98427,1.03,1.50
2012.09.07 07:01:16.220,1.98371,1.98427,2.10,1.79
2012.09.07 07:01:16.349,1.98371,1.98421,2.10,1.50
2012.09.07 07:01:16.419,1.98371,1.98421,1.50,2.01
2012.09.07 07:01:16.669,1.98357,1.98408,1.03,1.50
2012.09.07 07:01:16.798,1.98357,1.98408,1.03,1.50
2012.09.07 07:01:17.588,1.98358,1.98417,2.06,2.01
2012.09.07 07:01:17.840,1.98359,1.98417,1.31,1.79
2012.09.07 07:01:18.180,1.98367,1.98424,1.45,1.79
2012.09.07 07:01:18.639,1.98368,1.98424,1.45,1.79
2012.09.07 07:01:18.822,1.98368,1.98424,1.45,1.79
2012.09.07 07:01:19.300,1.98366,1.98424,2.95,1.79
2012.09.07 07:01:19.727,1.98368,1.98424,1.45,1.79
2012.09.07 07:01:20.170,1.98367,1.98424,1.45,1.79
2012.09.07 07:01:20.243,1.98367,1.98424,1.45,1.79
2012.09.07 07:01:21.001,1.98367,1.98424,1.45,1.79
2012.09.07 07:01:21.220,1.98366,1.98424,2.95,1.79
2012.09.07 07:01:21.751,1.98378,1.98431,2.48,1.04
2012.09.07 07:01:21.878,1.98378,1.98433,2.48,1.04
2012.09.07 07:01:22.418,1.98388,1.98434,1.45,2.25
2012.09.07 07:01:22.488,1.98388,1.98434,1.45,2.25
2012.09.07 07:01:22.679,1.98388,1.98434,1.45,1.50
2012.09.07 07:01:23.048,1.98389,1.98444,2.48,1.04
2012.09.07 07:01:23.118,1.98389,1.98444,2.48,1.04
2012.09.07 07:01:23.656,1.98389,1.98445,2.48,1.79
2012.09.07 07:01:23.898,1.98385,1.98438,2.48,1.50
2012.09.07 07:01:24.028,1.98379,1.98438,2.06,1.50
2012.09.07 07:01:24.358,1.98379,1.98438,2.81,1.50
2012.09.07 07:01:24.676,1.98388,1.9844,2.20,1.50
2012.09.07 07:01:24.749,1.98388,1.98444,2.20,1.79
2012.09.07 07:01:24.820,1.98385,1.98436,1.45,1.50
2012.09.07 07:01:25.617,1.98388,1.98436,1.45,1.50
2012.09.07 07:01:25.958,1.9839,1.98446,2.48,1.50
2012.09.07 07:01:26.298,1.98388,1.98444,2.48,1.50
2012.09.07 07:01:28.484,1.98398,1.98444,1.45,1.50
2012.09.07 07:01:30.766,1.98396,1.98452,2.48,1.04
2012.09.07 07:01:30.910,1.98388,1.98446,2.48,1.79
2012.09.07 07:01:31.110,1.98398,1.98452,1.73,1.04
2012.09.07 07:01:31.179,1.98398,1.98452,1.73,1.04
2012.09.07 07:01:31.356,1.98398,1.98454,2.20,2.25
2012.09.07 07:01:31.669,1.9841,1.98462,1.73,1.04
2012.09.07 07:01:31.930,1.9841,1.98463,1.73,1.04
2012.09.07 07:01:32.249,1.9841,1.98466,2.48,1.79
2012.09.07 07:01:32.330,1.9841,1.98466,2.48,1.79
2012.09.07 07:01:32.580,1.9841,1.98466,2.48,1.79
2012.09.07 07:01:32.649,1.98415,1.98466,1.45,1.50
2012.09.07 07:01:33.200,1.98415,1.98467,1.45,1.50
2012.09.07 07:01:33.268,1.98415,1.98467,1.45,1.50
2012.09.07 07:01:34.860,1.98418,1.98467,1.45,1.50
2012.09.07 07:01:35.068,1.98418,1.98472,2.95,1.04
2012.09.07 07:01:35.480,1.98418,1.98472,2.20,1.04
2012.09.07 07:01:35.610,1.98418,1.98472,2.20,1.04
2012.09.07 07:01:35.678,1.98418,1.98474,2.20,1.79
2012.09.07 07:01:35.750,1.98425,1.98483,1.73,2.01
2012.09.07 07:01:36.330,1.98425,1.98483,2.25,2.01
2012.09.07 07:01:36.398,1.98422,1.98472,2.48,1.50
2012.09.07 07:01:36.959,1.98424,1.98476,2.48,1.79
2012.09.07 07:01:37.912,1.98424,1.98475,2.48,1.79
2012.09.07 07:01:38.244,1.98417,1.98473,1.45,1.79
2012.09.07 07:01:40.770,1.98415,1.98471,1.45,1.50
2012.09.07 07:01:40.850,1.98415,1.98471,1.45,1.50
2012.09.07 07:01:40.919,1.98418,1.98471,1.45,1.50
2012.09.07 07:01:41.229,1.98426,1.98471,1.45,1.50
2012.09.07 07:01:41.299,1.98426,1.98471,1.45,1.50
2012.09.07 07:01:41.999,1.98426,1.98471,1.45,1.50
2012.09.07 07:01:42.068,1.98426,1.98481,1.45,1.50
2012.09.07 07:01:42.337,1.98426,1.98481,1.45,1.50
2012.09.07 07:01:42.689,1.98423,1.98481,1.73,1.79
2012.09.07 07:01:42.879,1.98414,1.98471,1.03,1.50
2012.09.07 07:01:47.488,1.98425,1.98481,1.50,1.73
2012.09.07 07:01:47.841,1.98433,1.98482,1.73,1.04
2012.09.07 07:01:49.496,1.98433,1.98482,1.50,1.04
2012.09.07 07:01:49.690,1.98423,1.98481,2.20,2.25
2012.09.07 07:01:49.759,1.98423,1.98481,2.20,2.48
2012.09.07 07:01:49.828,1.98423,1.98481,1.73,2.48
2012.09.07 07:01:49.899,1.98423,1.98481,1.73,3.23
2012.09.07 07:01:50.226,1.98423,1.98474,1.50,1.26
2012.09.07 07:01:50.928,1.98416,1.98472,1.97,1.73
2012.09.07 07:01:51.131,1.98416,1.98472,2.20,1.73
2012.09.07 07:01:53.399,1.98416,1.98472,2.20,1.50
2012.09.07 07:01:53.928,1.98416,1.98472,1.97,1.73
2012.09.07 07:01:54.267,1.98416,1.98472,2.20,1.50
2012.09.07 07:01:54.588,1.98416,1.98472,2.20,1.50
2012.09.07 07:01:54.938,1.98416,1.98472,2.20,1.73
2012.09.07 07:01:56.082,1.98416,1.98472,2.20,1.73
2012.09.07 07:01:56.642,1.98416,1.98472,1.97,1.73
2012.09.07 07:01:57.024,1.98416,1.98472,2.20,1.50
2012.09.07 07:01:58.088,1.98416,1.98472,1.97,1.73
2012.09.07 07:01:58.488,1.98416,1.98472,2.95,1.50
2012.09.07 07:01:58.738,1.98416,1.98472,2.20,1.73
2012.09.07 07:01:59.277,1.98416,1.98472,2.20,1.73
2012.09.07 07:01:59.782,1.98416,1.98472,2.20,1.73
2012.09.07 07:02:00.188,1.98416,1.98472,2.20,1.73
2012.09.07 07:02:01.102,1.98416,1.98472,2.20,1.73
2012.09.07 07:02:01.457,1.98416,1.98472,1.50,2.01
2012.09.07 07:02:01.769,1.98413,1.98465,1.50,2.76
2012.09.07 07:02:01.839,1.98407,1.98465,1.97,2.76
2012.09.07 07:02:02.027,1.98407,1.98465,2.20,2.76
2012.09.07 07:02:02.219,1.98407,1.98465,2.20,1.79
2012.09.07 07:02:02.569,1.98407,1.98465,2.20,1.79
2012.09.07 07:02:02.648,1.98407,1.98465,2.20,1.50
2012.09.07 07:02:03.843,1.98407,1.98465,2.20,1.50
2012.09.07 07:02:09.227,1.98407,1.98465,2.20,1.50
2012.09.07 07:02:09.820,1.98436,1.98486,1.45,1.50
2012.09.07 07:02:09.898,1.98441,1.98496,1.73,1.26
2012.09.07 07:02:12.504,1.98441,1.98495,1.73,1.26
2012.09.07 07:02:12.579,1.98441,1.98499,1.73,2.48
2012.09.07 07:02:12.650,1.98449,1.98503,1.88,1.26
2012.09.07 07:02:12.964,1.98451,1.98509,2.20,1.73
2012.09.07 07:02:13.158,1.98456,1.98509,1.45,1.50
2012.09.07 07:02:13.288,1.9846,1.98516,1.73,1.50
2012.09.07 07:02:14.591,1.9846,1.98516,2.20,1.50
2012.09.07 07:02:15.461,1.9846,1.9851,2.20,1.50
2012.09.07 07:02:16.088,1.98449,1.98507,2.20,1.50
2012.09.07 07:02:16.408,1.98455,1.98507,1.45,1.50
2012.09.07 07:02:16.905,1.98455,1.98507,1.45,1.50
2012.09.07 07:02:17.538,1.98465,1.98517,1.45,1.50
2012.09.07 07:02:18.958,1.9846,1.98517,1.03,2.48
2012.09.07 07:02:19.030,1.9846,1.9851,1.03,1.50
2012.09.07 07:02:19.103,1.98458,1.98506,1.03,2.25
2012.09.07 07:02:19.178,1.9845,1.98506,2.30,2.48
2012.09.07 07:02:20.425,1.9845,1.98506,1.84,2.48
2012.09.07 07:02:20.498,1.9845,1.98506,1.84,2.48
2012.09.07 07:02:20.719,1.9845,1.98506,2.06,1.73
2012.09.07 07:02:21.509,1.9845,1.98506,2.06,2.48
2012.09.07 07:02:22.265,1.9845,1.98506,2.06,1.73
2012.09.07 07:02:22.341,1.9845,1.98506,2.06,2.48
2012.09.07 07:02:22.418,1.9845,1.98506,2.06,1.73
2012.09.07 07:02:22.638,1.98453,1.98506,1.09,2.48
2012.09.07 07:02:22.948,1.98439,1.98497,2.25,2.48
2012.09.07 07:02:25.968,1.98445,1.98497,1.22,1.73
2012.09.07 07:02:26.299,1.98445,1.98497,1.45,1.50
2012.09.07 07:02:27.501,1.98445,1.98497,1.45,1.50
2012.09.07 07:02:27.741,1.98448,1.98505,1.97,1.26
2012.09.07 07:02:28.691,1.98448,1.98506,1.50,2.01
2012.09.07 07:02:28.759,1.98448,1.98506,2.20,2.01
2012.09.07 07:02:29.189,1.98458,1.98508,2.25,1.73
2012.09.07 07:02:29.523,1.98458,1.98515,2.48,1.50
2012.09.07 07:02:30.698,1.98458,1.98515,1.73,1.50
2012.09.07 07:02:30.829,1.98458,1.98515,1.73,1.79
2012.09.07 07:02:31.508,1.98458,1.98514,1.73,1.26
2012.09.07 07:02:31.639,1.98455,1.98508,1.03,1.50
2012.09.07 07:02:35.428,1.98455,1.98508,1.78,1.50
2012.09.07 07:02:36.070,1.98451,1.98508,1.03,1.73
2012.09.07 07:02:36.140,1.9845,1.98508,2.06,2.01
2012.09.07 07:02:36.329,1.98439,1.98494,1.50,1.26
2012.09.07 07:02:39.387,1.98439,1.98494,1.50,1.26
2012.09.07 07:02:39.907,1.98437,1.9849,2.53,1.50
2012.09.07 07:02:40.828,1.98428,1.98481,1.73,1.50
2012.09.07 07:02:41.341,1.98425,1.98481,2.48,1.73
2012.09.07 07:02:44.489,1.98422,1.9847,1.73,1.50
2012.09.07 07:02:45.968,1.98431,1.9847,1.50,1.50
2012.09.07 07:02:46.159,1.98443,1.98497,1.73,1.04
2012.09.07 07:02:46.227,1.98443,1.98501,2.20,2.25
2012.09.07 07:02:46.418,1.98448,1.98501,1.45,2.25
2012.09.07 07:02:46.669,1.98443,1.98501,2.20,2.25
2012.09.07 07:02:48.453,1.98443,1.98495,2.20,1.50
2012.09.07 07:02:48.807,1.98436,1.98492,2.10,1.79
2012.09.07 07:02:48.998,1.98421,1.98477,1.50,2.48
2012.09.07 07:02:49.188,1.98421,1.98477,1.73,1.79
2012.09.07 07:02:50.351,1.98421,1.98472,1.73,1.04
2012.09.07 07:02:50.430,1.98421,1.98473,1.50,1.26
2012.09.07 07:02:50.500,1.98412,1.9847,2.20,1.73
2012.09.07 07:02:51.442,1.98412,1.9847,2.20,1.73
2012.09.07 07:02:52.037,1.98412,1.9847,2.20,1.73
2012.09.07 07:02:52.198,1.98412,1.9847,2.20,2.48
2012.09.07 07:02:52.310,1.98412,1.9847,2.20,1.73
2012.09.07 07:02:53.129,1.98412,1.9847,1.73,1.73
2012.09.07 07:02:55.988,1.98412,1.9847,1.73,1.73
2012.09.07 07:02:58.569,1.98412,1.9847,1.73,1.73
2012.09.07 07:02:58.701,1.98412,1.9847,1.73,1.73
2012.09.07 07:02:59.118,1.98412,1.9847,2.57,1.73
2012.09.07 07:02:59.428,1.98416,1.9847,1.45,1.50
2012.09.07 07:03:00.078,1.98416,1.9847,1.45,1.50
2012.09.07 07:03:00.478,1.98416,1.9847,1.45,1.50
2012.09.07 07:03:00.682,1.98416,1.9847,1.45,1.50
2012.09.07 07:03:00.927,1.98418,1.9847,1.35,1.50
2012.09.07 07:03:00.998,1.98418,1.9847,1.07,1.50
2012.09.07 07:03:03.487,1.98416,1.9847,1.22,1.73
2012.09.07 07:03:03.800,1.98411,1.98461,1.03,1.50
2012.09.07 07:03:04.336,1.98411,1.98461,1.03,1.50
2012.09.07 07:03:04.424,1.98408,1.98461,1.03,1.50
2012.09.07 07:03:06.788,1.98408,1.98461,1.03,1.73
2012.09.07 07:03:06.858,1.98408,1.98461,1.03,1.50
2012.09.07 07:03:11.127,1.9841,1.98461,1.31,1.50
2012.09.07 07:03:11.469,1.98407,1.98461,1.03,1.50
2012.09.07 07:03:11.921,1.98412,1.9847,1.73,1.50
2012.09.07 07:03:12.268,1.98412,1.9847,3.19,1.50
2012.09.07 07:03:12.708,1.98423,1.98479,1.73,2.01
2012.09.07 07:03:14.669,1.98415,1.98472,1.45,1.50
2012.09.07 07:03:16.588,1.98422,1.9848,1.73,2.01
2012.09.07 07:03:16.659,1.98422,1.9848,1.73,1.50
2012.09.07 07:03:16.858,1.98436,1.9848,1.13,1.79
2012.09.07 07:03:17.108,1.9844,1.98495,1.73,1.50
2012.09.07 07:03:17.179,1.9844,1.98495,1.50,1.73
2012.09.07 07:03:17.249,1.98436,1.98487,1.07,2.25
2012.09.07 07:03:17.438,1.98429,1.98484,1.73,1.04
2012.09.07 07:03:17.508,1.98429,1.98484,1.50,1.26
2012.09.07 07:03:17.649,1.98429,1.98484,1.50,1.26
2012.09.07 07:03:17.950,1.98429,1.98484,1.50,1.26
2012.09.07 07:03:18.556,1.98427,1.98477,1.50,1.50
2012.09.07 07:03:19.031,1.98419,1.98477,1.73,1.79
2012.09.07 07:03:19.160,1.98419,1.98477,1.73,1.50
2012.09.07 07:03:19.260,1.98419,1.98477,1.73,1.79
2012.09.07 07:03:19.481,1.98419,1.98477,1.73,1.50
2012.09.07 07:03:19.647,1.98419,1.98477,1.73,1.79
2012.09.07 07:03:20.428,1.98419,1.98477,1.73,1.50
2012.09.07 07:03:20.498,1.98419,1.98477,1.73,1.79
2012.09.07 07:03:20.627,1.98419,1.98477,1.73,2.25
2012.09.07 07:03:20.698,1.98419,1.98477,1.73,1.50
2012.09.07 07:03:20.769,1.98419,1.98477,1.73,1.79
2012.09.07 07:03:21.287,1.98427,1.98485,1.50,3.51
2012.09.07 07:03:23.032,1.98427,1.98485,1.50,3.51
2012.09.07 07:03:23.278,1.98427,1.98485,1.50,2.76
2012.09.07 07:03:23.468,1.98427,1.98485,1.50,2.76
2012.09.07 07:03:24.042,1.98418,1.98476,2.10,1.50
2012.09.07 07:03:24.913,1.98418,1.98476,2.57,1.79
2012.09.07 07:03:25.699,1.98418,1.98476,3.32,1.79
2012.09.07 07:03:25.769,1.98418,1.98476,2.85,1.50
2012.09.07 07:03:25.959,1.98418,1.98476,2.85,1.50
2012.09.07 07:03:26.968,1.98418,1.98476,2.78,1.50
2012.09.07 07:03:29.792,1.98428,1.98478,1.73,1.50
2012.09.07 07:03:29.858,1.98428,1.98486,1.73,2.01
2012.09.07 07:03:31.930,1.98418,1.98478,2.85,1.50
2012.09.07 07:03:32.644,1.98418,1.98478,2.85,1.50
2012.09.07 07:03:32.829,1.98418,1.98478,2.48,1.50
2012.09.07 07:03:33.522,1.98427,1.9848,1.73,1.50
2012.09.07 07:03:33.599,1.98427,1.98485,1.73,1.79
2012.09.07 07:03:34.147,1.98427,1.98485,1.73,1.79
2012.09.07 07:03:35.582,1.98427,1.98485,1.73,1.79
2012.09.07 07:03:36.228,1.98427,1.98485,1.73,2.01
2012.09.07 07:03:39.068,1.98427,1.98484,1.73,1.04
2012.09.07 07:03:39.139,1.98427,1.98484,1.73,1.26
2012.09.07 07:03:39.208,1.98427,1.98485,2.20,1.79
2012.09.07 07:03:39.278,1.98427,1.9848,2.20,1.50
2012.09.07 07:03:39.747,1.98426,1.98478,1.45,1.50
2012.09.07 07:03:41.320,1.98421,1.98478,1.03,1.50
2012.09.07 07:03:41.846,1.98426,1.98478,1.45,1.50
2012.09.07 07:03:43.269,1.98421,1.98478,1.03,2.25
2012.09.07 07:03:43.519,1.98419,1.98475,1.50,1.04
2012.09.07 07:03:44.011,1.98419,1.98478,1.50,2.01
2012.09.07 07:03:44.381,1.98415,1.98469,1.82,1.50
2012.09.07 07:03:44.898,1.9841,1.98469,2.06,2.25
2012.09.07 07:03:45.028,1.9841,1.98469,2.06,2.01
2012.09.07 07:03:45.158,1.98408,1.98461,2.06,1.50
2012.09.07 07:03:50.908,1.98408,1.98461,1.03,1.50
2012.09.07 07:03:53.308,1.98403,1.98461,2.20,1.50
2012.09.07 07:03:54.858,1.98404,1.98462,1.73,1.73
2012.09.07 07:03:54.929,1.98404,1.98462,2.48,1.73
2012.09.07 07:03:55.238,1.98413,1.98469,2.20,2.25
2012.09.07 07:03:55.747,1.98413,1.98469,2.20,2.25
2012.09.07 07:03:55.978,1.98415,1.98469,1.45,2.25
2012.09.07 07:03:56.198,1.98413,1.98469,2.20,2.25
2012.09.07 07:03:56.448,1.98413,1.98469,2.20,2.25
2012.09.07 07:03:57.083,1.98415,1.98469,1.45,2.25
2012.09.07 07:03:57.161,1.98422,1.98478,2.20,1.50
2012.09.07 07:03:57.710,1.98422,1.98478,2.20,1.50
2012.09.07 07:03:58.827,1.98422,1.98478,2.20,1.73
2012.09.07 07:03:59.878,1.98418,1.9847,2.20,1.50
2012.09.07 07:04:00.496,1.98415,1.9847,1.45,1.50
2012.09.07 07:04:01.918,1.98421,1.98473,2.20,1.50
2012.09.07 07:04:01.990,1.98421,1.9848,2.20,1.50
2012.09.07 07:04:02.538,1.98421,1.9848,2.20,1.73
2012.09.07 07:04:03.492,1.98425,1.9848,1.45,1.50
2012.09.07 07:04:05.298,1.98421,1.9848,2.20,1.50
2012.09.07 07:04:05.850,1.98435,1.98484,1.50,1.04
2012.09.07 07:04:05.928,1.98435,1.98481,1.50,1.50
2012.09.07 07:04:06.469,1.98426,1.98478,1.45,1.50
2012.09.07 07:04:07.288,1.98426,1.98474,1.45,1.50
2012.09.07 07:04:07.778,1.98426,1.9847,1.45,1.50
2012.09.07 07:04:08.813,1.98422,1.9848,2.20,1.50
2012.09.07 07:04:09.571,1.98427,1.98483,2.20,3.29
2012.09.07 07:04:09.710,1.98424,1.98476,2.20,1.50
2012.09.07 07:04:18.562,1.98426,1.98478,2.95,1.50
2012.09.07 07:04:18.688,1.98426,1.98484,2.95,1.79
2012.09.07 07:04:19.708,1.98426,1.98484,2.95,1.79
2012.09.07 07:04:19.780,1.98426,1.98484,2.95,1.50
2012.09.07 07:04:20.498,1.98428,1.98484,1.45,1.50
2012.09.07 07:04:20.810,1.98447,1.98494,1.45,2.25
2012.09.07 07:04:20.950,1.98444,1.98497,1.73,1.50
2012.09.07 07:04:21.090,1.98437,1.98489,1.45,1.50
2012.09.07 07:04:21.399,1.98438,1.98489,1.45,1.50
2012.09.07 07:04:21.840,1.9844,1.98499,2.48,1.50
2012.09.07 07:04:22.078,1.98449,1.98505,2.48,2.16
2012.09.07 07:04:22.482,1.98449,1.98505,1.50,2.01
2012.09.07 07:04:22.561,1.98449,1.98505,1.50,2.01
2012.09.07 07:04:22.884,1.98449,1.98494,1.50,1.04
2012.09.07 07:04:23.032,1.98437,1.98493,1.50,2.01
2012.09.07 07:04:23.574,1.98438,1.98475,1.73,1.50
2012.09.07 07:04:24.021,1.98436,1.98475,1.31,1.50
2012.09.07 07:04:24.117,1.98436,1.98475,1.31,1.50
2012.09.07 07:04:24.430,1.98436,1.98475,1.31,1.50
2012.09.07 07:04:24.740,1.98438,1.98475,1.45,1.50
2012.09.07 07:04:24.877,1.98438,1.98485,1.45,1.50
2012.09.07 07:04:25.118,1.98438,1.98485,1.45,1.50
2012.09.07 07:04:25.450,1.98438,1.98488,1.45,1.50
2012.09.07 07:04:25.533,1.98438,1.98494,1.45,1.79
2012.09.07 07:04:25.618,1.98445,1.98496,2.95,1.50
2012.09.07 07:04:25.723,1.98445,1.98501,2.95,1.50
2012.09.07 07:04:25.921,1.9845,1.98501,2.48,1.79
2012.09.07 07:04:25.999,1.9845,1.98501,1.50,2.01
2012.09.07 07:04:26.129,1.98445,1.98493,2.25,1.79
2012.09.07 07:04:26.824,1.98422,1.9848,2.25,1.79
2012.09.07 07:04:27.063,1.98427,1.9848,1.22,1.50
2012.09.07 07:04:27.259,1.98427,1.9848,1.45,1.50
2012.09.07 07:04:27.752,1.98423,1.98472,2.48,1.50
2012.09.07 07:04:28.008,1.98427,1.98479,1.45,1.50
2012.09.07 07:04:28.078,1.98427,1.98479,1.45,1.50
2012.09.07 07:04:28.542,1.98425,1.98472,1.45,1.50
2012.09.07 07:04:28.860,1.98436,1.98478,1.45,1.50
2012.09.07 07:04:28.938,1.98428,1.98478,1.45,1.50
2012.09.07 07:04:29.009,1.98426,1.98478,1.45,1.50
2012.09.07 07:04:29.139,1.98428,1.98478,1.45,1.50
2012.09.07 07:04:29.450,1.98435,1.98481,1.45,1.50
2012.09.07 07:04:29.520,1.98432,1.98481,2.48,1.50
2012.09.07 07:04:29.589,1.98432,1.98481,1.73,1.50
2012.09.07 07:04:29.659,1.98432,1.98481,2.20,1.50
2012.09.07 07:04:29.910,1.98436,1.98488,1.45,1.50
2012.09.07 07:04:29.980,1.98436,1.98488,1.45,1.50
2012.09.07 07:04:30.400,1.98445,1.98488,1.45,1.50
2012.09.07 07:04:30.483,1.98448,1.98497,1.45,1.50
2012.09.07 07:04:30.949,1.9844,1.98497,2.48,1.50
2012.09.07 07:04:31.202,1.98438,1.98489,1.37,1.50
2012.09.07 07:04:32.069,1.98446,1.98492,1.37,1.50
2012.09.07 07:04:32.198,1.98447,1.98492,1.45,1.50
2012.09.07 07:04:32.522,1.98446,1.985,1.45,1.50
2012.09.07 07:04:32.599,1.98446,1.985,1.45,1.50
2012.09.07 07:04:32.687,1.98446,1.985,1.45,1.50
2012.09.07 07:04:32.818,1.98446,1.98494,1.45,1.50
2012.09.07 07:04:33.169,1.98441,1.98494,2.48,1.50
2012.09.07 07:04:33.483,1.98425,1.98483,1.78,2.01
2012.09.07 07:04:33.559,1.98425,1.98483,1.45,2.01
2012.09.07 07:04:33.628,1.98427,1.98483,1.22,2.01
2012.09.07 07:04:33.990,1.98427,1.98475,1.45,1.50
2012.09.07 07:04:34.180,1.98427,1.98477,1.45,1.50
2012.09.07 07:04:34.903,1.98426,1.98477,1.22,1.73
2012.09.07 07:04:34.982,1.98426,1.98469,1.22,1.50
2012.09.07 07:04:35.299,1.98426,1.98473,1.45,1.50
2012.09.07 07:04:36.550,1.98415,1.98466,1.78,1.50
2012.09.07 07:04:36.619,1.98415,1.98466,1.78,1.50
2012.09.07 07:04:37.089,1.98418,1.98466,1.45,1.50
2012.09.07 07:04:37.159,1.98416,1.98466,1.45,1.50
2012.09.07 07:04:37.352,1.98416,1.98466,1.45,1.50
2012.09.07 07:04:37.670,1.98414,1.98466,1.31,1.79
2012.09.07 07:04:37.741,1.98407,1.98466,2.53,2.01
2012.09.07 07:04:37.930,1.98407,1.98466,2.53,2.01
2012.09.07 07:04:38.238,1.98415,1.98466,1.45,1.50
2012.09.07 07:04:39.070,1.98415,1.98465,1.45,1.50
2012.09.07 07:04:39.321,1.98415,1.98465,1.45,1.50
2012.09.07 07:04:39.861,1.98415,1.98465,1.45,1.50
2012.09.07 07:04:40.218,1.98408,1.98465,2.53,1.73
2012.09.07 07:04:40.758,1.98408,1.98462,2.06,2.01
2012.09.07 07:04:41.140,1.98407,1.98458,1.03,1.50
2012.09.07 07:04:42.449,1.98398,1.98448,1.03,2.25
2012.09.07 07:04:42.520,1.98392,1.98448,1.97,2.48
2012.09.07 07:04:42.591,1.98392,1.98445,1.50,1.26
2012.09.07 07:04:42.661,1.98392,1.98448,2.25,2.01
2012.09.07 07:04:42.799,1.98397,1.98448,1.03,1.50
2012.09.07 07:04:42.930,1.98401,1.98448,1.09,1.50
2012.09.07 07:04:43.061,1.98401,1.98457,1.09,1.73
2012.09.07 07:04:43.129,1.98408,1.98457,1.45,1.50
2012.09.07 07:04:43.380,1.98411,1.9846,2.48,1.50
2012.09.07 07:04:43.449,1.98411,1.98469,1.73,1.73
2012.09.07 07:04:43.519,1.98423,1.98471,1.50,1.73
2012.09.07 07:04:43.956,1.98413,1.98469,1.73,1.50
2012.09.07 07:04:44.157,1.98413,1.98469,1.73,2.25
2012.09.07 07:04:44.469,1.98413,1.98454,1.50,1.04
2012.09.07 07:04:44.903,1.98388,1.98442,1.45,1.79
2012.09.07 07:04:45.209,1.98396,1.98451,1.22,1.73
2012.09.07 07:04:45.738,1.98393,1.98451,2.48,1.73
2012.09.07 07:04:45.998,1.98393,1.98451,2.48,1.50
2012.09.07 07:04:46.800,1.98393,1.98451,2.48,1.50
2012.09.07 07:04:47.318,1.98393,1.98451,2.48,1.50
2012.09.07 07:04:47.889,1.98393,1.98451,2.48,1.73
2012.09.07 07:04:48.209,1.98408,1.98451,1.22,1.73
2012.09.07 07:04:48.684,1.98416,1.98463,2.48,1.04
2012.09.07 07:04:48.761,1.98416,1.98462,2.25,1.04
2012.09.07 07:04:49.189,1.98414,1.98472,2.48,2.76
2012.09.07 07:04:49.554,1.98414,1.98472,2.48,2.54
2012.09.07 07:04:49.901,1.98414,1.98472,2.48,1.79
2012.09.07 07:04:50.241,1.98414,1.98472,2.48,2.01
2012.09.07 07:04:50.821,1.98414,1.98472,2.48,1.79
2012.09.07 07:04:52.978,1.98424,1.98475,1.50,1.26
2012.09.07 07:04:53.290,1.98417,1.98473,1.73,1.79
2012.09.07 07:04:53.360,1.98417,1.98473,1.73,1.79
2012.09.07 07:04:53.608,1.98407,1.98463,1.73,1.79
2012.09.07 07:04:54.121,1.98417,1.98473,1.50,2.01
2012.09.07 07:04:54.447,1.98417,1.98473,2.48,1.79
2012.09.07 07:04:55.241,1.98417,1.98473,2.48,1.79
2012.09.07 07:04:55.729,1.98425,1.98481,1.50,2.01
2012.09.07 07:04:56.160,1.98414,1.98472,2.48,2.01
2012.09.07 07:04:56.230,1.98414,1.98472,2.48,2.01
2012.09.07 07:04:57.248,1.98414,1.98472,2.48,2.01
2012.09.07 07:04:57.846,1.98414,1.98472,2.48,2.01
2012.09.07 07:04:58.038,1.98414,1.98472,1.73,2.01
2012.09.07 07:04:58.259,1.98414,1.98472,1.50,2.01
2012.09.07 07:04:58.706,1.98414,1.98465,1.50,1.26
2012.09.07 07:04:58.792,1.98414,1.98465,1.73,2.01
2012.09.07 07:04:59.108,1.98414,1.98465,1.50,2.01
2012.09.07 07:04:59.191,1.98405,1.98461,2.48,1.73
2012.09.07 07:04:59.809,1.98405,1.98461,2.48,1.73
2012.09.07 07:04:59.939,1.98405,1.98461,1.73,1.73
2012.09.07 07:05:00.529,1.98413,1.98465,1.50,2.01
2012.09.07 07:05:00.988,1.98398,1.98455,2.48,1.50
2012.09.07 07:05:01.119,1.98395,1.98453,2.95,1.50
2012.09.07 07:05:01.190,1.98408,1.98455,1.50,1.50
2012.09.07 07:05:01.258,1.98408,1.98464,1.50,2.01
2012.09.07 07:05:01.329,1.98408,1.98464,1.73,2.01
2012.09.07 07:05:01.533,1.98408,1.98464,1.73,2.01
2012.09.07 07:05:01.899,1.98408,1.98464,1.84,2.01
2012.09.07 07:05:02.241,1.98408,1.98464,2.20,1.50
2012.09.07 07:05:02.390,1.98416,1.98467,1.97,1.73
2012.09.07 07:05:03.092,1.98429,1.98474,1.50,1.26
2012.09.07 07:05:04.209,1.98431,1.98484,1.50,1.26
2012.09.07 07:05:04.278,1.98429,1.98484,1.50,2.76
2012.09.07 07:05:04.470,1.98423,1.98482,1.50,2.01
2012.09.07 07:05:04.539,1.98423,1.98482,1.73,2.01
2012.09.07 07:05:09.132,1.98421,1.98479,1.65,2.01
2012.09.07 07:05:09.317,1.98425,1.98483,1.50,2.01
2012.09.07 07:05:09.388,1.98417,1.98475,1.65,2.01
2012.09.07 07:05:09.989,1.98417,1.98475,1.50,2.01
2012.09.07 07:05:10.058,1.98417,1.98475,1.50,2.01
2012.09.07 07:05:12.155,1.98417,1.98475,2.25,2.01
2012.09.07 07:05:12.289,1.98417,1.98475,1.50,2.01
2012.09.07 07:05:12.420,1.98418,1.98475,1.22,1.73
2012.09.07 07:05:12.770,1.98417,1.98475,2.72,1.73
2012.09.07 07:05:12.840,1.98417,1.98475,2.95,1.73
2012.09.07 07:05:13.352,1.98418,1.98474,1.78,1.50
2012.09.07 07:05:13.710,1.98419,1.98474,1.31,1.79
2012.09.07 07:05:13.789,1.98419,1.98474,1.31,1.79
2012.09.07 07:05:14.547,1.98419,1.98469,1.31,1.50
2012.09.07 07:05:14.869,1.98419,1.98465,1.31,1.50
2012.09.07 07:05:15.249,1.98408,1.98465,2.95,1.50
2012.09.07 07:05:15.319,1.98408,1.98465,2.95,1.50
2012.09.07 07:05:15.389,1.98408,1.98465,2.95,1.50
2012.09.07 07:05:15.547,1.98408,1.98465,2.95,1.50
2012.09.07 07:05:15.739,1.98422,1.98469,1.50,1.50
2012.09.07 07:05:15.929,1.98412,1.9847,1.50,1.73
2012.09.07 07:05:15.999,1.98412,1.9847,1.50,2.01
2012.09.07 07:05:16.249,1.98401,1.98457,2.48,1.50
2012.09.07 07:05:16.319,1.98401,1.98457,2.48,1.50
2012.09.07 07:05:17.039,1.98401,1.98457,2.48,1.50
2012.09.07 07:05:17.171,1.98405,1.98457,1.45,1.50
2012.09.07 07:05:17.300,1.98408,1.98465,2.20,2.01
2012.09.07 07:05:17.742,1.98408,1.98465,2.95,2.01
2012.09.07 07:05:17.869,1.98408,1.98465,2.48,1.73
2012.09.07 07:05:17.941,1.98408,1.9846,2.20,1.50
2012.09.07 07:05:18.021,1.98405,1.98458,1.22,1.73
2012.09.07 07:05:18.267,1.98405,1.98458,1.45,1.50
2012.09.07 07:05:20.088,1.98408,1.98458,1.45,1.50
2012.09.07 07:05:20.221,1.98405,1.98458,1.45,1.50
2012.09.07 07:05:20.549,1.984,1.98458,2.20,1.73
2012.09.07 07:05:20.798,1.98405,1.98458,1.45,1.50
2012.09.07 07:05:21.798,1.9841,1.98466,1.50,1.79
2012.09.07 07:05:22.628,1.9841,1.98466,1.50,2.01
2012.09.07 07:05:22.900,1.98405,1.98457,1.22,1.50
2012.09.07 07:05:23.622,1.98405,1.98457,1.22,1.73
2012.09.07 07:05:23.941,1.98405,1.98457,1.22,1.73
2012.09.07 07:05:24.768,1.98405,1.98457,1.45,1.50
2012.09.07 07:05:25.311,1.98408,1.98457,1.45,1.50
2012.09.07 07:05:25.779,1.98405,1.98457,1.45,1.50
2012.09.07 07:05:26.255,1.98399,1.98457,2.48,1.50
2012.09.07 07:05:26.870,1.98405,1.98457,2.48,1.50
2012.09.07 07:05:26.999,1.98407,1.98465,1.73,2.01
2012.09.07 07:05:27.189,1.98407,1.98465,2.48,1.79
2012.09.07 07:05:27.322,1.98408,1.9846,1.45,1.50
2012.09.07 07:05:27.406,1.98413,1.98463,2.48,1.79
2012.09.07 07:05:27.976,1.98413,1.98467,2.48,1.79
2012.09.07 07:05:28.402,1.98408,1.98455,1.45,1.50
2012.09.07 07:05:28.480,1.98408,1.98455,1.45,1.50
2012.09.07 07:05:28.940,1.98408,1.98462,1.45,1.79
2012.09.07 07:05:29.282,1.98408,1.98471,2.95,2.76
2012.09.07 07:05:29.408,1.98407,1.98469,1.45,1.79
2012.09.07 07:05:29.616,1.98407,1.98469,1.45,2.01
2012.09.07 07:05:30.119,1.98407,1.98469,1.45,2.01
2012.09.07 07:05:30.191,1.98407,1.98461,1.45,1.50
2012.09.07 07:05:30.511,1.98408,1.98464,2.48,1.79
2012.09.07 07:05:30.579,1.98407,1.98464,1.45,1.79
2012.09.07 07:05:32.268,1.98407,1.98465,1.45,1.79
2012.09.07 07:05:32.579,1.98407,1.98465,1.45,1.79
2012.09.07 07:05:32.649,1.98417,1.98465,1.45,1.50
2012.09.07 07:05:32.721,1.98415,1.98465,1.45,1.50
2012.09.07 07:05:32.790,1.98406,1.98465,1.31,1.79
2012.09.07 07:05:32.922,1.98406,1.98465,1.31,1.79
2012.09.07 07:05:33.154,1.98406,1.98465,1.31,1.79
2012.09.07 07:05:33.230,1.98406,1.98465,1.31,1.79
2012.09.07 07:05:33.360,1.98406,1.98465,1.31,1.79
2012.09.07 07:05:33.713,1.98406,1.98459,1.31,1.73
2012.09.07 07:05:33.792,1.98406,1.98465,1.31,3.29
2012.09.07 07:05:34.853,1.98421,1.98479,1.50,2.01
2012.09.07 07:05:35.169,1.98419,1.98456,1.50,1.50
2012.09.07 07:05:35.238,1.98406,1.98456,1.31,1.50
2012.09.07 07:05:35.334,1.98409,1.98459,2.48,1.50
2012.09.07 07:05:35.408,1.98409,1.98465,2.48,1.79
2012.09.07 07:05:35.539,1.98406,1.98458,1.31,1.50
2012.09.07 07:05:36.219,1.984,1.98458,2.06,1.79
2012.09.07 07:05:36.530,1.98405,1.98458,1.31,1.79
2012.09.07 07:05:36.601,1.98407,1.98458,1.09,1.79
2012.09.07 07:05:36.680,1.984,1.98458,2.06,1.79
2012.09.07 07:05:36.879,1.984,1.98454,2.06,1.04
2012.09.07 07:05:37.131,1.984,1.98454,1.50,1.26
2012.09.07 07:05:37.202,1.984,1.98454,1.50,1.26
2012.09.07 07:05:37.281,1.98393,1.98449,1.50,2.01
2012.09.07 07:05:38.189,1.9839,1.9845,1.73,1.94
2012.09.07 07:05:39.060,1.98389,1.9845,1.73,2.01
2012.09.07 07:05:39.249,1.98395,1.9845,1.50,2.01
2012.09.07 07:05:39.864,1.98394,1.98451,1.73,2.01
2012.09.07 07:05:39.940,1.98394,1.98451,2.48,2.01
2012.09.07 07:05:40.644,1.98394,1.98451,2.48,1.79
2012.09.07 07:05:40.959,1.98396,1.98451,1.45,1.50
2012.09.07 07:05:41.209,1.98402,1.98459,2.48,1.73
2012.09.07 07:05:41.280,1.98402,1.98459,2.48,1.50
2012.09.07 07:05:41.410,1.9841,1.98463,1.73,2.25
2012.09.07 07:05:41.480,1.9841,1.98468,2.48,1.73
2012.09.07 07:05:41.611,1.98415,1.98468,1.45,1.50
2012.09.07 07:05:41.681,1.98425,1.98476,2.48,1.04
2012.09.07 07:05:42.049,1.98425,1.98476,2.48,1.04
2012.09.07 07:05:42.560,1.98425,1.98467,2.48,1.50
2012.09.07 07:05:42.630,1.98425,1.98476,2.48,2.54
2012.09.07 07:05:42.698,1.98418,1.98464,1.45,1.50
2012.09.07 07:05:42.831,1.98424,1.98476,2.48,1.04
2012.09.07 07:05:42.909,1.98424,1.98476,2.48,1.04
2012.09.07 07:05:43.039,1.98427,1.98481,1.45,1.50
2012.09.07 07:05:43.110,1.98431,1.98491,2.48,1.79
2012.09.07 07:05:43.179,1.98431,1.98491,2.48,1.50
2012.09.07 07:05:43.310,1.9844,1.98493,2.48,1.04
2012.09.07 07:05:43.441,1.9844,1.98493,1.73,1.04
2012.09.07 07:05:43.894,1.9844,1.98481,1.73,1.50
2012.09.07 07:05:44.240,1.98425,1.98477,1.45,1.50
2012.09.07 07:05:44.770,1.9842,1.98477,1.84,1.65
2012.09.07 07:05:45.019,1.98443,1.98477,1.50,1.50
2012.09.07 07:05:45.320,1.98447,1.98493,1.50,1.26
2012.09.07 07:05:45.390,1.98447,1.98478,1.50,1.50
2012.09.07 07:05:45.460,1.98416,1.98475,2.81,1.50
2012.09.07 07:05:45.542,1.98425,1.98478,1.50,1.50
2012.09.07 07:05:45.859,1.98413,1.9847,1.84,2.48
2012.09.07 07:05:46.108,1.98402,1.98459,2.06,1.73
2012.09.07 07:05:46.181,1.98395,1.98452,1.31,1.50
2012.09.07 07:05:46.431,1.98392,1.98423,1.84,1.73
2012.09.07 07:05:46.800,1.98386,1.98426,1.31,1.50
2012.09.07 07:05:46.929,1.98386,1.98422,1.31,1.50
2012.09.07 07:05:47.150,1.98374,1.98426,2.48,1.50
2012.09.07 07:05:47.293,1.98374,1.98426,2.48,1.50
2012.09.07 07:05:47.877,1.98374,1.98419,2.48,1.50
2012.09.07 07:05:47.950,1.98377,1.98433,1.50,2.48
2012.09.07 07:05:48.270,1.98377,1.98433,1.73,2.25
2012.09.07 07:05:48.630,1.98384,1.98436,1.50,2.48
2012.09.07 07:05:48.700,1.98384,1.98442,1.50,1.73
2012.09.07 07:05:49.059,1.98384,1.98442,2.48,1.50
2012.09.07 07:05:49.331,1.98384,1.98442,2.48,1.50
2012.09.07 07:05:49.652,1.9839,1.98442,2.48,1.50
2012.09.07 07:05:50.068,1.9839,1.98442,2.48,1.50
2012.09.07 07:05:50.202,1.98394,1.9845,2.48,2.25
2012.09.07 07:05:50.271,1.98394,1.9845,2.25,2.48
2012.09.07 07:05:50.350,1.98385,1.98441,2.48,1.50
2012.09.07 07:05:51.792,1.98385,1.98441,2.48,1.50
2012.09.07 07:05:51.872,1.98395,1.98444,2.25,1.50
2012.09.07 07:05:51.949,1.98395,1.98451,2.25,2.48
2012.09.07 07:05:52.572,1.98395,1.98451,1.50,2.48
2012.09.07 07:05:52.640,1.98395,1.98444,1.50,1.50
2012.09.07 07:05:52.989,1.98395,1.98444,1.50,1.73
2012.09.07 07:05:53.058,1.98395,1.98444,1.50,1.73
2012.09.07 07:05:53.189,1.98395,1.98444,1.50,1.73
2012.09.07 07:05:53.321,1.98385,1.98441,2.48,1.73
2012.09.07 07:05:53.521,1.98392,1.98448,1.50,2.01
2012.09.07 07:05:53.601,1.98384,1.9844,1.73,1.50
2012.09.07 07:05:53.670,1.98384,1.9844,1.73,1.73
2012.09.07 07:05:53.739,1.98384,1.9844,1.73,2.01
2012.09.07 07:05:54.049,1.98379,1.98435,1.73,1.73
2012.09.07 07:05:54.180,1.98379,1.98435,2.48,1.73
2012.09.07 07:05:54.501,1.98375,1.98423,1.31,1.50
2012.09.07 07:05:55.028,1.98375,1.98423,1.31,1.50
2012.09.07 07:05:55.099,1.98377,1.98427,1.73,1.50
2012.09.07 07:05:55.168,1.98377,1.98433,1.73,1.50
2012.09.07 07:05:55.359,1.98377,1.98433,2.48,1.50
2012.09.07 07:05:55.998,1.98386,1.98444,2.48,2.01
2012.09.07 07:05:56.093,1.98375,1.98427,1.31,1.50
2012.09.07 07:05:56.821,1.98375,1.98427,1.31,1.50
2012.09.07 07:05:57.129,1.98376,1.98427,1.31,1.50
2012.09.07 07:05:57.440,1.98376,1.98426,1.31,1.50
2012.09.07 07:05:58.108,1.98376,1.98425,1.31,1.50
2012.09.07 07:05:58.650,1.98368,1.98426,2.06,1.50
2012.09.07 07:05:58.720,1.98368,1.98426,2.06,1.50
2012.09.07 07:05:58.999,1.98368,1.98426,2.48,1.50
2012.09.07 07:06:00.360,1.98368,1.98426,2.48,1.50
2012.09.07 07:06:00.820,1.98368,1.98426,2.95,1.50
2012.09.07 07:06:00.900,1.98378,1.98428,1.73,1.50
2012.09.07 07:06:00.981,1.98378,1.98434,1.73,2.25
2012.09.07 07:06:01.120,1.98367,1.98425,1.97,2.48
2012.09.07 07:06:01.248,1.98367,1.98425,1.73,1.50
2012.09.07 07:06:01.559,1.98364,1.98414,1.31,1.50
2012.09.07 07:06:03.058,1.98363,1.98414,1.31,1.50
2012.09.07 07:06:05.059,1.98363,1.98414,1.31,1.50
2012.09.07 07:06:05.370,1.98363,1.98414,1.31,1.50
2012.09.07 07:06:05.439,1.98365,1.98422,2.48,2.01
2012.09.07 07:06:05.568,1.98363,1.98415,1.31,1.50
2012.09.07 07:06:06.008,1.98357,1.98414,2.06,1.26
2012.09.07 07:06:06.168,1.98357,1.98414,1.73,1.26
2012.09.07 07:06:06.361,1.98357,1.98415,1.73,1.79
2012.09.07 07:06:06.490,1.98357,1.98415,1.73,2.01
2012.09.07 07:06:07.848,1.98355,1.984,2.48,1.50
2012.09.07 07:06:08.064,1.98355,1.98407,2.48,1.50
2012.09.07 07:06:08.173,1.98351,1.98403,2.48,1.50
2012.09.07 07:06:08.249,1.98351,1.98407,2.48,1.50
2012.09.07 07:06:08.919,1.98351,1.98409,2.48,1.50
2012.09.07 07:06:09.429,1.98351,1.98409,1.73,1.50
2012.09.07 07:06:09.970,1.98351,1.98409,1.73,1.73
2012.09.07 07:06:10.219,1.98351,1.98409,1.73,1.50
2012.09.07 07:06:11.181,1.98364,1.98414,1.50,1.26
2012.09.07 07:06:11.690,1.98354,1.9841,2.48,1.50
2012.09.07 07:06:11.950,1.98354,1.9841,2.48,1.50
2012.09.07 07:06:12.338,1.98351,1.98402,2.48,1.50
2012.09.07 07:06:12.411,1.98346,1.98402,2.81,1.50
2012.09.07 07:06:13.431,1.98354,1.98405,2.48,1.50
2012.09.07 07:06:13.498,1.98354,1.98413,2.48,2.01
2012.09.07 07:06:13.569,1.98346,1.98403,1.31,1.50
2012.09.07 07:06:14.079,1.98354,1.9841,2.48,1.50
2012.09.07 07:06:14.250,1.98366,1.98417,1.50,1.26
2012.09.07 07:06:14.789,1.98363,1.98413,1.50,1.73
2012.09.07 07:06:14.858,1.98357,1.98413,1.73,1.73
2012.09.07 07:06:16.180,1.98357,1.98413,2.48,2.01
2012.09.07 07:06:16.361,1.98357,1.98413,1.73,2.01
2012.09.07 07:06:16.629,1.98354,1.98406,2.48,1.50
2012.09.07 07:06:20.921,1.98357,1.98413,1.73,2.01
2012.09.07 07:06:20.999,1.98363,1.98413,1.50,2.01
2012.09.07 07:06:21.400,1.98363,1.98413,1.50,2.01
2012.09.07 07:06:21.601,1.98366,1.98414,1.50,1.26
2012.09.07 07:06:21.679,1.98362,1.98414,1.50,1.26
2012.09.07 07:06:22.098,1.98359,1.98411,1.50,1.73
2012.09.07 07:06:22.628,1.98353,1.98411,1.73,1.73
2012.09.07 07:06:23.371,1.98361,1.98414,1.50,2.48
2012.09.07 07:06:24.064,1.98361,1.98419,2.25,1.73
2012.09.07 07:06:24.318,1.98361,1.98419,2.48,1.50
2012.09.07 07:06:24.810,1.98371,1.98423,1.50,1.26
2012.09.07 07:06:26.640,1.98368,1.98413,1.73,1.50
2012.09.07 07:06:26.909,1.98363,1.98419,2.48,1.50
2012.09.07 07:06:31.750,1.98373,1.98429,2.25,2.48
2012.09.07 07:06:31.888,1.98383,1.98433,1.50,1.50
2012.09.07 07:06:31.958,1.98383,1.98433,1.50,2.01
2012.09.07 07:06:32.269,1.98375,1.98431,1.73,1.73
2012.09.07 07:06:32.338,1.98375,1.98431,2.48,1.73
2012.09.07 07:06:32.651,1.98382,1.98434,1.73,1.50
2012.09.07 07:06:32.839,1.98387,1.9844,1.50,2.48
2012.09.07 07:06:32.969,1.98387,1.9844,1.50,2.48
2012.09.07 07:06:33.289,1.98407,1.98456,1.50,1.73
2012.09.07 07:06:33.540,1.98407,1.98466,2.20,2.48
2012.09.07 07:06:33.610,1.98407,1.98466,2.20,1.73
2012.09.07 07:06:33.679,1.98416,1.98473,1.50,1.73
2012.09.07 07:06:33.750,1.98416,1.98473,1.73,1.73
2012.09.07 07:06:33.819,1.98416,1.98473,1.73,1.50
2012.09.07 07:06:34.559,1.98426,1.98483,1.50,2.48
2012.09.07 07:06:34.868,1.98426,1.98478,1.73,2.25
2012.09.07 07:06:35.059,1.98428,1.98486,2.48,1.73
2012.09.07 07:06:35.249,1.98428,1.98486,2.48,1.50
2012.09.07 07:06:35.560,1.98428,1.98486,2.48,1.50
2012.09.07 07:06:36.141,1.98428,1.98486,2.95,1.50
2012.09.07 07:06:36.222,1.98428,1.98486,2.95,1.50
2012.09.07 07:06:37.450,1.98428,1.98486,2.20,1.50
2012.09.07 07:06:37.848,1.98428,1.98486,2.95,1.50
2012.09.07 07:06:39.099,1.98433,1.98486,2.48,1.50
2012.09.07 07:06:39.180,1.98437,1.98495,1.73,2.48
2012.09.07 07:06:39.309,1.98437,1.98495,3.23,2.25
2012.09.07 07:06:39.441,1.98439,1.98498,1.73,2.48
2012.09.07 07:06:39.581,1.98439,1.98498,1.50,2.48
2012.09.07 07:06:39.721,1.98439,1.98494,1.50,1.60
2012.09.07 07:06:39.860,1.98424,1.98483,2.48,2.01
2012.09.07 07:06:39.991,1.98424,1.98483,2.48,1.50
2012.09.07 07:06:40.476,1.98424,1.98483,2.48,1.50
2012.09.07 07:06:40.561,1.98433,1.98491,2.48,1.73
2012.09.07 07:06:40.638,1.98433,1.98491,2.48,1.50
2012.09.07 07:06:40.900,1.98433,1.98491,2.48,1.73
2012.09.07 07:06:41.232,1.98433,1.98491,2.48,1.50
2012.09.07 07:06:41.680,1.98433,1.98491,1.73,2.25
2012.09.07 07:06:41.753,1.98433,1.98491,1.50,2.48
2012.09.07 07:06:41.888,1.98433,1.98491,1.50,2.48
2012.09.07 07:06:42.019,1.98433,1.98488,1.50,1.32
2012.09.07 07:06:42.151,1.9843,1.98472,1.50,1.50
2012.09.07 07:06:42.229,1.98416,1.98472,2.06,1.50
2012.09.07 07:06:42.398,1.98423,1.98476,1.73,1.73
2012.09.07 07:06:42.469,1.98421,1.98472,2.06,1.50
2012.09.07 07:06:43.587,1.98418,1.98472,1.03,1.50
2012.09.07 07:06:44.141,1.98424,1.9848,1.73,1.73
2012.09.07 07:06:44.449,1.98424,1.9848,1.73,2.48
2012.09.07 07:06:45.032,1.98424,1.9848,1.50,2.48
2012.09.07 07:06:45.650,1.98414,1.98472,1.50,2.48
2012.09.07 07:06:46.159,1.98414,1.98472,2.25,1.73
2012.09.07 07:06:46.351,1.98414,1.98472,2.48,1.50
2012.09.07 07:06:46.421,1.98414,1.98472,1.73,1.50
2012.09.07 07:06:46.620,1.98424,1.98476,1.50,2.48
2012.09.07 07:06:46.810,1.98424,1.9848,1.50,2.48
2012.09.07 07:06:46.960,1.9842,1.98473,1.50,1.73
2012.09.07 07:06:47.149,1.9842,1.98473,1.50,1.73
2012.09.07 07:06:47.290,1.9842,1.98473,1.50,1.73
2012.09.07 07:06:47.361,1.98415,1.98473,1.50,2.48
2012.09.07 07:06:47.488,1.98415,1.98473,1.50,2.48
2012.09.07 07:06:47.558,1.98408,1.98464,2.53,2.48
2012.09.07 07:06:48.418,1.98408,1.98464,2.53,1.50
2012.09.07 07:06:48.906,1.98408,1.98464,2.53,1.73
2012.09.07 07:06:51.328,1.98408,1.98464,2.53,1.50
2012.09.07 07:06:52.138,1.98408,1.98464,2.53,1.73
2012.09.07 07:06:52.372,1.98408,1.98464,2.30,1.73
2012.09.07 07:06:53.735,1.98408,1.98464,2.30,1.73
2012.09.07 07:06:54.024,1.98408,1.98464,2.53,1.73
2012.09.07 07:06:55.128,1.98408,1.98464,1.84,1.73
2012.09.07 07:06:55.503,1.9841,1.98464,1.09,1.73
2012.09.07 07:06:55.568,1.9841,1.98464,1.09,1.73
2012.09.07 07:06:55.819,1.98408,1.98464,1.73,1.50
2012.09.07 07:06:55.888,1.98408,1.98464,1.73,1.50
2012.09.07 07:06:55.960,1.98408,1.98464,1.50,1.73
2012.09.07 07:06:56.028,1.98408,1.98464,1.73,1.50
2012.09.07 07:06:56.633,1.98407,1.98465,2.95,1.50
2012.09.07 07:06:57.138,1.98407,1.98465,2.95,1.50
2012.09.07 07:06:57.715,1.98407,1.98465,2.95,1.50
2012.09.07 07:06:59.050,1.98407,1.98459,1.50,2.48
2012.09.07 07:06:59.569,1.98398,1.98454,2.48,1.50
2012.09.07 07:07:01.791,1.98398,1.98454,2.48,1.50
2012.09.07 07:07:01.919,1.98398,1.98454,2.48,1.50
2012.09.07 07:07:02.120,1.98406,1.98458,1.73,1.50
2012.09.07 07:07:02.189,1.98406,1.98462,1.73,1.50
2012.09.07 07:07:02.259,1.98406,1.98462,1.73,1.50
2012.09.07 07:07:02.768,1.98413,1.98471,1.73,1.73
2012.09.07 07:07:03.468,1.98413,1.98471,1.50,1.73
2012.09.07 07:07:03.860,1.98413,1.98471,2.25,1.73
2012.09.07 07:07:04.171,1.98413,1.98471,1.50,1.73
2012.09.07 07:07:04.299,1.98413,1.98471,1.73,1.73
2012.09.07 07:07:04.518,1.98413,1.98471,1.50,1.73
2012.09.07 07:07:04.980,1.98413,1.98471,2.25,1.73
2012.09.07 07:07:05.168,1.98413,1.98471,1.50,1.73
2012.09.07 07:07:05.271,1.98413,1.98471,2.25,1.73
2012.09.07 07:07:05.489,1.98413,1.98471,1.50,1.73
2012.09.07 07:07:05.759,1.98413,1.98471,1.50,1.73
2012.09.07 07:07:06.159,1.98413,1.98471,1.50,1.73
2012.09.07 07:07:06.327,1.98413,1.98471,1.50,1.73
2012.09.07 07:07:06.397,1.98413,1.98471,2.25,1.73
2012.09.07 07:07:06.548,1.98413,1.98471,2.48,1.50
2012.09.07 07:07:06.738,1.98413,1.98471,1.50,1.73
2012.09.07 07:07:06.868,1.98413,1.98471,2.48,1.73
2012.09.07 07:07:07.047,1.98413,1.98471,2.48,1.50
2012.09.07 07:07:07.469,1.98419,1.98471,1.50,1.50
2012.09.07 07:07:07.809,1.98422,1.98472,1.50,1.50
2012.09.07 07:07:08.158,1.98413,1.98469,2.48,1.50
2012.09.07 07:07:10.458,1.98413,1.98469,2.48,1.50
2012.09.07 07:07:10.770,1.98417,1.98469,1.45,1.50
2012.09.07 07:07:11.079,1.98427,1.98469,1.45,1.50
2012.09.07 07:07:11.550,1.98435,1.98469,2.48,1.50
2012.09.07 07:07:11.770,1.98435,1.98478,2.48,1.50
2012.09.07 07:07:11.847,1.98435,1.98478,2.48,1.50
2012.09.07 07:07:11.979,1.98439,1.98495,1.73,1.50
2012.09.07 07:07:12.048,1.98435,1.98488,2.48,1.50
2012.09.07 07:07:12.769,1.9843,1.98488,2.48,1.50
2012.09.07 07:07:13.198,1.9843,1.98488,2.48,1.50
2012.09.07 07:07:13.509,1.98435,1.98488,2.48,1.50
2012.09.07 07:07:13.577,1.98438,1.98496,1.73,2.25
2012.09.07 07:07:13.685,1.98438,1.98496,1.73,2.25
2012.09.07 07:07:13.759,1.98438,1.98496,2.48,2.25
2012.09.07 07:07:13.930,1.98438,1.98496,1.73,2.25
2012.09.07 07:07:14.509,1.98438,1.98491,1.73,1.50
2012.09.07 07:07:15.129,1.9843,1.98488,2.48,1.50
2012.09.07 07:07:15.587,1.98428,1.98478,1.45,1.50
2012.09.07 07:07:16.120,1.98428,1.98478,1.45,1.50
2012.09.07 07:07:16.269,1.98429,1.98485,2.48,1.50
2012.09.07 07:07:16.438,1.98429,1.98485,2.48,1.50
2012.09.07 07:07:16.568,1.98429,1.98485,2.48,1.50
2012.09.07 07:07:17.099,1.98429,1.98485,2.48,1.50
2012.09.07 07:07:17.230,1.98429,1.98485,1.73,1.50
2012.09.07 07:07:17.419,1.98439,1.98497,1.73,2.25
2012.09.07 07:07:18.139,1.98439,1.98488,1.73,1.50
2012.09.07 07:07:18.268,1.98439,1.98488,1.50,1.73
2012.09.07 07:07:18.339,1.98439,1.98488,1.50,1.73
2012.09.07 07:07:18.410,1.98439,1.98488,1.50,2.48
2012.09.07 07:07:18.598,1.98429,1.98487,1.73,1.73
2012.09.07 07:07:18.978,1.9844,1.98494,1.50,1.26
2012.09.07 07:07:19.131,1.98428,1.98484,1.73,1.50
2012.09.07 07:07:19.200,1.98428,1.98484,1.73,1.50
2012.09.07 07:07:19.804,1.98425,1.98477,2.48,1.50
2012.09.07 07:07:22.438,1.98428,1.98484,1.73,1.73
2012.09.07 07:07:23.039,1.9842,1.98477,1.31,1.50
2012.09.07 07:07:27.579,1.98428,1.98484,1.73,1.73
2012.09.07 07:07:27.869,1.98428,1.98484,1.73,2.48
2012.09.07 07:07:30.024,1.98446,1.9848,1.50,2.25
2012.09.07 07:07:30.223,1.98443,1.98487,1.50,2.48
2012.09.07 07:07:30.289,1.98429,1.98487,1.73,2.48
2012.09.07 07:07:31.501,1.9843,1.98486,1.73,2.25
2012.09.07 07:07:31.641,1.98418,1.98474,2.95,1.50
2012.09.07 07:07:32.052,1.98418,1.98474,2.95,1.50
2012.09.07 07:07:32.391,1.98418,1.98474,2.95,1.50
2012.09.07 07:07:32.638,1.98418,1.98474,2.48,1.50
2012.09.07 07:07:32.712,1.98428,1.98478,1.73,2.25
2012.09.07 07:07:35.169,1.98427,1.98476,1.45,2.25
2012.09.07 07:07:35.599,1.9842,1.98476,1.73,3.00
2012.09.07 07:07:35.732,1.9842,1.98476,1.50,3.23
2012.09.07 07:07:35.870,1.98409,1.98465,2.48,1.50
2012.09.07 07:07:35.941,1.98409,1.98465,1.73,1.50
2012.09.07 07:07:36.071,1.98403,1.98456,1.31,1.50
2012.09.07 07:07:36.630,1.98403,1.98456,1.31,1.50
2012.09.07 07:07:36.769,1.98409,1.98465,1.50,2.48
2012.09.07 07:07:37.329,1.98409,1.98459,1.50,2.25
2012.09.07 07:07:37.400,1.98409,1.98459,1.73,2.25
2012.09.07 07:07:37.701,1.98399,1.98457,2.48,1.50
2012.09.07 07:07:37.781,1.98399,1.98457,2.48,1.50
2012.09.07 07:07:38.049,1.98399,1.98457,2.48,1.50
2012.09.07 07:07:38.690,1.98399,1.98457,1.50,1.73
2012.09.07 07:07:39.002,1.98376,1.98427,1.45,1.50
2012.09.07 07:07:39.248,1.98369,1.98427,1.73,2.48
2012.09.07 07:07:39.521,1.98369,1.98424,1.73,1.50
2012.09.07 07:07:39.870,1.98379,1.98434,1.50,1.73
2012.09.07 07:07:40.390,1.9837,1.98426,1.73,2.48
2012.09.07 07:07:40.967,1.9837,1.98426,1.73,2.48
2012.09.07 07:07:41.420,1.98378,1.98436,1.50,2.48
2012.09.07 07:07:42.520,1.98383,1.98434,1.50,1.73
2012.09.07 07:07:42.649,1.98378,1.98436,1.50,3.98
2012.09.07 07:07:42.899,1.98378,1.98436,1.73,3.75
2012.09.07 07:07:43.289,1.98387,1.98436,1.50,2.25
2012.09.07 07:07:44.360,1.98383,1.98433,1.73,2.25
2012.09.07 07:07:45.008,1.98377,1.98433,1.50,2.48
2012.09.07 07:07:45.570,1.98377,1.98424,1.50,1.73
2012.09.07 07:07:46.170,1.98371,1.98429,2.48,2.59
2012.09.07 07:07:46.322,1.98381,1.98424,1.50,1.73
2012.09.07 07:07:46.641,1.98366,1.98414,1.50,1.73
2012.09.07 07:07:46.843,1.98363,1.98412,1.50,1.73
2012.09.07 07:07:46.980,1.98363,1.98412,1.73,1.50
2012.09.07 07:07:47.050,1.98356,1.98412,2.25,1.73
2012.09.07 07:07:47.238,1.98356,1.98412,1.73,1.73
2012.09.07 07:07:47.312,1.9836,1.98412,1.50,1.73
2012.09.07 07:07:47.630,1.98356,1.98412,1.50,1.73
2012.09.07 07:07:47.879,1.98356,1.98412,1.50,2.48
2012.09.07 07:07:50.039,1.98345,1.98399,1.45,2.25
2012.09.07 07:07:52.389,1.98341,1.98397,2.48,1.50
2012.09.07 07:07:52.518,1.98341,1.98397,1.73,1.50
2012.09.07 07:07:53.080,1.98347,1.98397,1.50,1.50
2012.09.07 07:07:53.429,1.9835,1.98404,1.50,1.73
2012.09.07 07:07:54.722,1.9835,1.98408,1.50,2.48
2012.09.07 07:07:55.050,1.98361,1.98414,1.50,1.73
2012.09.07 07:07:57.078,1.98361,1.98414,1.50,1.73
2012.09.07 07:07:57.650,1.98352,1.98408,1.50,2.48
2012.09.07 07:07:58.358,1.98352,1.98408,1.50,2.48
2012.09.07 07:07:59.178,1.98352,1.98405,1.50,1.73
2012.09.07 07:07:59.861,1.98352,1.98405,1.50,1.73
2012.09.07 07:08:00.339,1.98352,1.98408,1.50,2.48
2012.09.07 07:08:00.882,1.98352,1.98404,1.50,1.73
2012.09.07 07:08:01.873,1.98352,1.98404,1.50,1.73
2012.09.07 07:08:02.588,1.98352,1.98404,1.50,1.73
2012.09.07 07:08:02.660,1.98352,1.98408,2.25,2.48
2012.09.07 07:08:03.220,1.98352,1.98408,2.48,2.48
2012.09.07 07:08:03.531,1.98361,1.98414,1.50,1.32
2012.09.07 07:08:04.559,1.98358,1.98414,1.50,3.57
2012.09.07 07:08:04.809,1.98357,1.98409,1.50,2.48
2012.09.07 07:08:05.010,1.98357,1.98409,1.50,2.48
2012.09.07 07:08:05.452,1.98353,1.98406,2.25,2.48
2012.09.07 07:08:05.520,1.98357,1.98413,1.50,2.48
2012.09.07 07:08:06.421,1.98353,1.98407,2.25,2.48
2012.09.07 07:08:06.940,1.98356,1.98414,1.97,3.23
2012.09.07 07:08:07.244,1.98368,1.98414,1.50,1.73
2012.09.07 07:08:07.319,1.98368,1.98416,1.50,1.73
2012.09.07 07:08:07.548,1.98368,1.98424,1.50,1.73
2012.09.07 07:08:07.739,1.98368,1.98416,1.50,1.73
2012.09.07 07:08:08.148,1.98358,1.98416,1.97,3.23
2012.09.07 07:08:08.703,1.98358,1.98416,1.97,2.48
2012.09.07 07:08:12.969,1.98358,1.98416,1.50,2.48
2012.09.07 07:08:16.670,1.98367,1.98418,1.50,2.48
2012.09.07 07:08:17.208,1.98356,1.98414,2.72,1.73
2012.09.07 07:08:20.461,1.98356,1.98414,1.97,1.73
2012.09.07 07:08:21.019,1.98356,1.98414,1.97,1.73
2012.09.07 07:08:21.407,1.98356,1.98414,1.97,1.73
2012.09.07 07:08:21.480,1.98356,1.98414,1.97,1.73
2012.09.07 07:08:21.669,1.98369,1.98423,2.25,1.26
2012.09.07 07:08:21.740,1.98385,1.98427,1.22,2.25
2012.09.07 07:08:22.149,1.98396,1.98444,1.22,2.48
2012.09.07 07:08:22.563,1.98396,1.98452,1.22,2.48
2012.09.07 07:08:22.899,1.98415,1.98452,1.22,2.48
2012.09.07 07:08:23.031,1.98415,1.98452,1.22,2.25
2012.09.07 07:08:23.101,1.98405,1.98452,1.45,1.50
2012.09.07 07:08:23.170,1.98405,1.98452,1.45,1.50
2012.09.07 07:08:23.359,1.98396,1.98451,1.22,1.73
2012.09.07 07:08:23.491,1.98396,1.98451,1.22,1.73
2012.09.07 07:08:23.800,1.98396,1.98452,1.97,1.73
2012.09.07 07:08:23.929,1.98405,1.98445,1.22,1.73
2012.09.07 07:08:24.061,1.98396,1.98445,1.45,1.50
2012.09.07 07:08:24.130,1.98396,1.98445,1.45,1.50
2012.09.07 07:08:24.261,1.98396,1.98445,1.22,1.73
2012.09.07 07:08:24.490,1.98397,1.98447,1.97,1.73
2012.09.07 07:08:26.541,1.98397,1.98455,1.97,1.73
2012.09.07 07:08:26.849,1.98395,1.98447,1.22,1.73
2012.09.07 07:08:27.249,1.98399,1.98457,1.97,1.73
2012.09.07 07:08:28.191,1.98408,1.98457,1.22,1.73
2012.09.07 07:08:28.391,1.98416,1.98467,1.22,2.48
2012.09.07 07:08:29.948,1.98416,1.98467,1.22,2.48
2012.09.07 07:08:31.209,1.98409,1.98467,1.73,2.48
2012.09.07 07:08:31.279,1.98409,1.98467,1.50,2.48
2012.09.07 07:08:31.470,1.98409,1.98467,2.20,2.48
2012.09.07 07:08:31.789,1.98406,1.98455,1.22,1.73
2012.09.07 07:08:32.308,1.98408,1.98457,2.25,1.73
2012.09.07 07:08:32.381,1.98415,1.98464,1.22,2.48
2012.09.07 07:08:32.813,1.98415,1.98464,1.22,2.48
2012.09.07 07:08:33.328,1.98415,1.98464,1.22,1.50
2012.09.07 07:08:33.789,1.98415,1.98456,1.22,1.50
2012.09.07 07:08:33.980,1.98405,1.98456,1.22,1.73
2012.09.07 07:08:34.169,1.98407,1.98456,1.22,1.73
2012.09.07 07:08:34.428,1.98415,1.98456,1.22,1.50
2012.09.07 07:08:34.499,1.98415,1.98456,1.22,1.73
2012.09.07 07:08:34.570,1.98408,1.98456,1.22,1.73
2012.09.07 07:08:34.713,1.98407,1.98456,1.45,1.50
2012.09.07 07:08:34.780,1.98415,1.98456,1.22,1.50
2012.09.07 07:08:35.140,1.98406,1.98456,1.22,1.73
2012.09.07 07:08:35.236,1.98406,1.98456,1.22,1.73
2012.09.07 07:08:36.010,1.98406,1.98456,1.22,1.73
2012.09.07 07:08:36.081,1.98406,1.98456,1.22,1.50
2012.09.07 07:08:36.161,1.984,1.98456,2.20,1.50
2012.09.07 07:08:36.310,1.98407,1.98465,1.97,2.48
2012.09.07 07:08:36.499,1.98415,1.98465,1.22,1.73
2012.09.07 07:08:36.808,1.98407,1.98465,1.97,1.73
2012.09.07 07:08:37.382,1.98435,1.98465,1.22,1.73
2012.09.07 07:08:37.461,1.98435,1.98488,1.22,2.48
2012.09.07 07:08:38.921,1.98437,1.98488,1.22,2.48
2012.09.07 07:08:38.990,1.98437,1.98488,1.22,2.25
2012.09.07 07:08:39.121,1.98445,1.98497,1.22,2.48
2012.09.07 07:08:39.480,1.98447,1.98497,1.22,2.40
2012.09.07 07:08:39.788,1.98448,1.98506,1.97,2.40
2012.09.07 07:08:40.998,1.98456,1.98508,1.22,2.48
2012.09.07 07:08:41.299,1.9845,1.98508,1.97,2.48
2012.09.07 07:08:41.608,1.9845,1.98508,2.31,2.48
2012.09.07 07:08:41.679,1.98465,1.98508,1.45,2.25
2012.09.07 07:08:42.099,1.98468,1.98517,1.22,1.73
2012.09.07 07:08:42.230,1.9847,1.9852,1.50,1.73
2012.09.07 07:08:42.299,1.98466,1.98523,2.87,2.48
2012.09.07 07:08:42.489,1.98466,1.98523,1.22,2.48
2012.09.07 07:08:42.881,1.98455,1.98508,1.37,1.50
2012.09.07 07:08:43.400,1.98466,1.98508,1.22,1.50
2012.09.07 07:08:43.951,1.98455,1.985,1.45,1.50
2012.09.07 07:08:44.270,1.98455,1.985,1.45,1.50
2012.09.07 07:08:44.652,1.98455,1.985,1.22,1.50
2012.09.07 07:08:45.641,1.98454,1.9851,1.97,2.48
2012.09.07 07:08:45.709,1.98454,1.9851,1.97,2.48
2012.09.07 07:08:45.960,1.98456,1.9851,1.22,2.48
2012.09.07 07:08:46.689,1.98455,1.9851,1.22,2.48
2012.09.07 07:08:47.513,1.98456,1.98502,1.22,1.73
2012.09.07 07:08:48.189,1.98455,1.98502,1.22,1.73
2012.09.07 07:08:48.379,1.98446,1.98493,1.45,1.84
2012.09.07 07:08:48.509,1.98443,1.98491,1.73,1.09
2012.09.07 07:08:48.701,1.98435,1.98473,1.97,1.50
2012.09.07 07:08:49.011,1.98447,1.9847,1.45,1.50
2012.09.07 07:08:49.200,1.98456,1.98481,1.22,2.25
2012.09.07 07:08:49.329,1.98456,1.98501,1.22,1.73
2012.09.07 07:08:53.099,1.98455,1.98501,1.22,1.73
2012.09.07 07:08:53.469,1.98445,1.98501,1.45,1.73
2012.09.07 07:08:53.539,1.98445,1.98501,1.22,1.73
2012.09.07 07:08:53.668,1.98445,1.98501,1.22,1.73
2012.09.07 07:08:53.862,1.98445,1.98492,1.22,1.50
2012.09.07 07:08:54.270,1.98445,1.98492,1.22,1.73
2012.09.07 07:08:54.429,1.98445,1.98492,1.22,1.50
2012.09.07 07:08:54.698,1.98445,1.98492,1.22,1.73
2012.09.07 07:08:56.349,1.98445,1.98492,1.22,1.50
2012.09.07 07:08:56.629,1.98436,1.98484,1.45,1.50
2012.09.07 07:08:56.699,1.98428,1.98484,3.29,1.50
2012.09.07 07:08:56.769,1.98436,1.98488,2.48,1.50
2012.09.07 07:08:56.899,1.98436,1.98488,1.73,1.73
2012.09.07 07:08:57.360,1.98436,1.98484,1.50,3.23
2012.09.07 07:08:57.533,1.98424,1.98482,1.50,2.48
2012.09.07 07:08:57.790,1.98424,1.98482,1.97,2.48
2012.09.07 07:08:57.859,1.98427,1.98482,1.22,2.48
2012.09.07 07:08:58.853,1.98427,1.98482,1.45,2.48
2012.09.07 07:08:59.769,1.98427,1.98482,1.45,2.48
2012.09.07 07:09:00.186,1.98426,1.98482,1.45,2.48
2012.09.07 07:09:00.259,1.98427,1.98482,1.45,2.48
2012.09.07 07:09:00.458,1.98426,1.98482,1.45,2.48
2012.09.07 07:09:00.699,1.98424,1.98482,1.97,2.48
2012.09.07 07:09:00.769,1.98424,1.98482,1.50,2.48
2012.09.07 07:09:00.900,1.9843,1.98482,1.50,2.48
2012.09.07 07:09:01.090,1.98428,1.98486,1.50,2.48
2012.09.07 07:09:02.037,1.98428,1.98486,1.50,2.48
2012.09.07 07:09:04.100,1.98421,1.98477,2.48,1.73
2012.09.07 07:09:04.459,1.98421,1.98477,2.48,1.73
2012.09.07 07:09:04.529,1.98421,1.98477,2.48,1.73
2012.09.07 07:09:05.050,1.9843,1.98486,1.50,2.48
2012.09.07 07:09:05.119,1.98419,1.98477,2.48,1.73
2012.09.07 07:09:05.921,1.98427,1.98485,1.50,2.48
2012.09.07 07:09:06.679,1.9842,1.98476,2.25,1.73
2012.09.07 07:09:06.748,1.9842,1.98476,1.50,1.73
2012.09.07 07:09:07.608,1.9842,1.98476,2.25,1.73
2012.09.07 07:09:07.849,1.9842,1.98476,1.50,1.73
2012.09.07 07:09:08.178,1.9842,1.98476,2.25,1.73
2012.09.07 07:09:08.949,1.98429,1.98485,1.50,2.48
2012.09.07 07:09:12.278,1.98429,1.98485,1.50,3.23
2012.09.07 07:09:12.349,1.98429,1.98485,1.50,3.23
2012.09.07 07:09:14.669,1.98429,1.98485,2.25,2.48
2012.09.07 07:09:14.800,1.98429,1.98485,2.48,2.25
2012.09.07 07:09:14.869,1.98445,1.98485,1.22,2.25
2012.09.07 07:09:15.640,1.98437,1.98493,1.97,2.48
2012.09.07 07:09:15.710,1.98437,1.98493,1.97,2.48
2012.09.07 07:09:15.840,1.98433,1.98481,1.50,2.48
2012.09.07 07:09:15.910,1.98426,1.98481,1.22,2.48
2012.09.07 07:09:15.979,1.98426,1.98481,1.22,2.48
2012.09.07 07:09:16.240,1.98426,1.98481,1.22,2.48
2012.09.07 07:09:16.429,1.98426,1.98481,1.22,2.48
2012.09.07 07:09:16.498,1.98426,1.98481,1.22,2.48
2012.09.07 07:09:16.689,1.98428,1.98481,1.45,2.25
2012.09.07 07:09:16.760,1.98436,1.98481,1.22,2.25
2012.09.07 07:09:16.949,1.98425,1.98481,2.95,2.25
2012.09.07 07:09:17.020,1.98425,1.98473,1.22,1.73
2012.09.07 07:09:18.520,1.98416,1.98473,1.22,1.73
2012.09.07 07:09:20.070,1.98426,1.98473,1.22,1.50
2012.09.07 07:09:20.139,1.98426,1.98473,1.22,1.50
2012.09.07 07:09:20.231,1.98426,1.98473,1.22,1.50
2012.09.07 07:09:20.301,1.98426,1.98473,1.22,1.73
2012.09.07 07:09:20.619,1.98426,1.98481,1.22,2.48
2012.09.07 07:09:21.108,1.98426,1.98481,1.22,2.48
2012.09.07 07:09:21.240,1.98426,1.98481,1.22,2.48
2012.09.07 07:09:21.489,1.98426,1.9847,1.22,1.50
2012.09.07 07:09:21.560,1.98425,1.9847,1.22,1.50
2012.09.07 07:09:22.119,1.98436,1.9847,1.22,1.50
2012.09.07 07:09:22.249,1.98436,1.9848,1.22,2.48
2012.09.07 07:09:22.500,1.98424,1.9848,1.97,2.48
2012.09.07 07:09:22.570,1.98424,1.9848,1.97,2.48
2012.09.07 07:09:22.639,1.98428,1.9848,1.22,2.48
2012.09.07 07:09:22.708,1.98435,1.9848,1.22,2.25
2012.09.07 07:09:23.021,1.98424,1.9848,1.97,2.48
2012.09.07 07:09:23.370,1.98428,1.9848,1.45,2.25
2012.09.07 07:09:23.810,1.98436,1.9848,1.22,2.25
2012.09.07 07:09:24.617,1.98438,1.98491,1.22,2.48
2012.09.07 07:09:24.751,1.98443,1.98501,2.25,2.48
2012.09.07 07:09:24.820,1.9844,1.98492,1.73,1.50
2012.09.07 07:09:24.891,1.98436,1.98492,2.20,1.50
2012.09.07 07:09:25.022,1.98445,1.98501,1.50,2.48
2012.09.07 07:09:25.099,1.98445,1.98501,1.50,2.48
2012.09.07 07:09:25.290,1.98446,1.98491,1.22,1.50
2012.09.07 07:09:25.539,1.98446,1.98494,2.72,1.50
2012.09.07 07:09:25.790,1.98446,1.98504,2.72,2.48
2012.09.07 07:09:26.119,1.98446,1.98504,2.95,2.48
2012.09.07 07:09:26.189,1.98448,1.98504,1.22,2.48
2012.09.07 07:09:26.523,1.98446,1.98504,2.20,2.48
2012.09.07 07:09:27.119,1.98448,1.98504,1.22,2.48
2012.09.07 07:09:27.248,1.98446,1.98504,2.95,2.48
2012.09.07 07:09:27.469,1.98448,1.98504,1.22,2.48
2012.09.07 07:09:27.891,1.98446,1.98504,2.20,2.48
2012.09.07 07:09:28.450,1.98446,1.98503,1.50,1.26
2012.09.07 07:09:28.761,1.98445,1.98492,1.22,1.50
2012.09.07 07:09:29.079,1.98437,1.98492,1.45,1.50
2012.09.07 07:09:29.149,1.98434,1.98492,2.20,1.50
2012.09.07 07:09:29.220,1.98435,1.98492,1.22,1.73
2012.09.07 07:09:29.510,1.98445,1.98492,1.22,1.50
2012.09.07 07:09:29.912,1.98446,1.98501,1.22,2.48
2012.09.07 07:09:29.979,1.98446,1.98496,1.22,2.48
2012.09.07 07:09:30.389,1.98446,1.98492,1.22,1.50
2012.09.07 07:09:30.520,1.98446,1.985,1.22,2.48
2012.09.07 07:09:30.709,1.98444,1.985,1.97,2.48
2012.09.07 07:09:31.019,1.98446,1.9849,1.22,1.50
2012.09.07 07:09:31.090,1.98435,1.9849,1.45,1.50
2012.09.07 07:09:31.159,1.98435,1.9849,1.45,1.50
2012.09.07 07:09:31.351,1.98435,1.9849,1.45,1.73
2012.09.07 07:09:32.013,1.98435,1.9849,1.22,1.73
2012.09.07 07:09:32.270,1.98435,1.9849,1.45,1.73
2012.09.07 07:09:32.470,1.98435,1.9849,1.22,1.73
2012.09.07 07:09:32.808,1.98435,1.9849,1.45,1.73
2012.09.07 07:09:32.999,1.98434,1.9849,1.97,1.73
2012.09.07 07:09:33.679,1.98436,1.9849,1.22,1.73
2012.09.07 07:09:33.889,1.98434,1.9849,1.97,1.73
2012.09.07 07:09:34.200,1.98434,1.9848,1.97,1.73
2012.09.07 07:09:34.390,1.98434,1.9849,1.97,1.73
2012.09.07 07:09:35.031,1.98436,1.98492,1.97,1.73
2012.09.07 07:09:35.301,1.98425,1.9848,1.45,1.50
2012.09.07 07:09:35.488,1.98425,1.9848,1.22,1.73
2012.09.07 07:09:37.010,1.98425,1.98473,1.22,1.50
2012.09.07 07:09:37.319,1.98421,1.98473,1.97,1.73
2012.09.07 07:09:37.631,1.9843,1.9848,1.97,1.73
2012.09.07 07:09:37.806,1.9843,1.9848,1.97,1.73
2012.09.07 07:09:38.340,1.98425,1.9848,1.22,1.73
2012.09.07 07:09:38.609,1.98425,1.9848,1.45,1.73
2012.09.07 07:09:39.159,1.98425,1.9848,1.45,1.73
2012.09.07 07:09:39.360,1.98425,1.9848,1.22,1.73
2012.09.07 07:09:39.959,1.98434,1.9849,1.97,1.73
2012.09.07 07:09:40.539,1.98425,1.98483,2.95,1.73
2012.09.07 07:09:41.508,1.98425,1.98483,2.72,1.73
2012.09.07 07:09:43.254,1.98425,1.98483,2.72,1.73
2012.09.07 07:09:49.089,1.98425,1.98481,1.22,1.73
2012.09.07 07:09:49.410,1.98425,1.98481,1.22,1.73
2012.09.07 07:09:49.779,1.98423,1.98481,1.97,2.48
2012.09.07 07:09:50.288,1.98423,1.98481,1.97,2.48
2012.09.07 07:09:50.616,1.98423,1.98481,1.97,2.48
2012.09.07 07:09:51.312,1.98423,1.98481,1.97,2.48
2012.09.07 07:09:51.658,1.98426,1.98481,1.22,2.48
2012.09.07 07:09:51.801,1.98426,1.98481,1.22,2.48
2012.09.07 07:09:52.178,1.98426,1.98481,1.22,2.48
2012.09.07 07:09:53.902,1.98423,1.98481,1.97,2.48
2012.09.07 07:09:54.429,1.98423,1.98481,1.97,2.48
2012.09.07 07:09:55.888,1.98423,1.98481,1.97,2.48
2012.09.07 07:09:56.140,1.98423,1.98477,1.97,1.73
2012.09.07 07:09:59.450,1.98413,1.98471,1.97,2.48
2012.09.07 07:09:59.521,1.98413,1.98466,1.50,2.48
2012.09.07 07:09:59.599,1.98405,1.98463,2.20,1.73
2012.09.07 07:09:59.670,1.98405,1.98463,1.97,1.73
2012.09.07 07:10:00.300,1.98405,1.98463,1.97,1.73
2012.09.07 07:10:00.449,1.98405,1.98463,1.97,1.73
2012.09.07 07:10:00.839,1.98405,1.98456,1.97,1.73
2012.09.07 07:10:01.464,1.98406,1.98462,1.97,1.73
2012.09.07 07:10:01.949,1.98406,1.98462,2.20,1.73
2012.09.07 07:10:02.079,1.98406,1.98462,1.97,1.73
2012.09.07 07:10:02.278,1.98415,1.98462,1.22,1.50
2012.09.07 07:10:02.618,1.98415,1.98462,1.22,1.73
2012.09.07 07:10:03.233,1.98415,1.98462,1.22,1.73
2012.09.07 07:10:03.673,1.98415,1.98462,1.22,1.50
2012.09.07 07:10:04.005,1.98416,1.98462,1.22,1.73
2012.09.07 07:10:04.540,1.98414,1.9847,1.97,2.48
2012.09.07 07:10:05.772,1.98405,1.9846,1.22,1.73
2012.09.07 07:10:06.229,1.98414,1.98472,1.97,2.48
2012.09.07 07:10:07.480,1.98407,1.98465,1.97,2.48
2012.09.07 07:10:07.561,1.98407,1.98465,1.97,2.48
2012.09.07 07:10:07.979,1.98397,1.98455,1.97,1.73
2012.09.07 07:10:08.118,1.98397,1.98455,1.97,1.73
2012.09.07 07:10:08.319,1.98397,1.98455,1.97,1.73
2012.09.07 07:10:10.570,1.9839,1.98446,1.97,1.73
2012.09.07 07:10:10.640,1.9839,1.98446,1.97,1.73
2012.09.07 07:10:10.972,1.9839,1.98446,1.97,1.73
2012.09.07 07:10:11.489,1.98398,1.98454,1.97,1.73
2012.09.07 07:10:12.791,1.98398,1.98454,1.97,1.73
2012.09.07 07:10:14.099,1.98398,1.98454,1.97,1.73
2012.09.07 07:10:14.175,1.98398,1.98454,1.50,2.01
2012.09.07 07:10:14.370,1.98385,1.98436,1.22,1.73
2012.09.07 07:10:14.499,1.98385,1.98436,1.22,1.73
2012.09.07 07:10:14.629,1.98385,1.98436,1.45,1.50
2012.09.07 07:10:15.168,1.98381,1.98437,2.20,1.50
2012.09.07 07:10:15.299,1.98381,1.98437,1.97,1.73
2012.09.07 07:10:15.490,1.98381,1.98437,1.97,1.73
2012.09.07 07:10:15.559,1.98381,1.98437,1.97,1.73
2012.09.07 07:10:15.692,1.98385,1.98439,1.22,1.73
2012.09.07 07:10:16.010,1.98393,1.98449,1.97,1.73
2012.09.07 07:10:16.080,1.98393,1.98449,1.97,1.73
2012.09.07 07:10:16.212,1.98393,1.98443,1.97,1.73
2012.09.07 07:10:16.349,1.98416,1.98472,1.97,2.48
2012.09.07 07:10:16.419,1.98416,1.98472,1.97,2.48
2012.09.07 07:10:16.741,1.98423,1.98481,1.97,2.25
2012.09.07 07:10:16.953,1.9842,1.98473,1.97,1.50
2012.09.07 07:10:17.019,1.9842,1.98473,1.97,1.50
2012.09.07 07:10:17.210,1.98422,1.98473,1.97,1.50
2012.09.07 07:10:17.279,1.98424,1.98482,1.97,1.50
2012.09.07 07:10:17.350,1.98424,1.98482,1.97,1.50
2012.09.07 07:10:17.600,1.98426,1.98482,1.22,1.73
2012.09.07 07:10:17.728,1.98424,1.98482,1.97,2.01
2012.09.07 07:10:18.160,1.98414,1.98472,2.53,1.73
2012.09.07 07:10:18.229,1.98414,1.98472,2.30,1.73
2012.09.07 07:10:18.419,1.98415,1.98465,1.22,1.73
2012.09.07 07:10:18.490,1.98415,1.98462,1.22,1.50
2012.09.07 07:10:18.915,1.98413,1.98469,2.30,1.73
2012.09.07 07:10:20.000,1.98405,1.98461,2.30,1.73
2012.09.07 07:10:20.440,1.98405,1.98461,3.05,1.73
2012.09.07 07:10:20.974,1.98405,1.98461,3.05,1.73
2012.09.07 07:10:21.383,1.98405,1.98461,3.28,1.73
2012.09.07 07:10:22.949,1.98413,1.98469,2.30,2.48
2012.09.07 07:10:23.169,1.98409,1.98456,1.84,1.73
2012.09.07 07:10:23.630,1.98398,1.98446,1.97,1.50
2012.09.07 07:10:23.969,1.98396,1.98443,1.22,1.50
2012.09.07 07:10:24.831,1.98397,1.98446,2.20,1.50
2012.09.07 07:10:24.902,1.98397,1.98453,2.20,1.73
2012.09.07 07:10:25.092,1.98406,1.98453,1.22,1.73
2012.09.07 07:10:25.649,1.98406,1.98453,1.22,1.50
2012.09.07 07:10:26.622,1.98409,1.98465,1.97,1.73
2012.09.07 07:10:27.180,1.98409,1.98465,1.97,2.48
2012.09.07 07:10:27.252,1.98409,1.98465,1.50,2.48
2012.09.07 07:10:27.330,1.98409,1.98465,1.50,2.48
2012.09.07 07:10:27.830,1.98398,1.98448,1.97,1.73
2012.09.07 07:10:27.898,1.98396,1.98445,1.22,1.50
2012.09.07 07:10:28.445,1.98396,1.98445,1.22,1.73
2012.09.07 07:10:28.521,1.98389,1.98445,2.30,1.73
2012.09.07 07:10:28.829,1.98395,1.98445,1.22,1.73
2012.09.07 07:10:29.149,1.98395,1.98445,1.22,1.73
2012.09.07 07:10:29.821,1.98401,1.98451,1.97,1.50
2012.09.07 07:10:29.891,1.98401,1.98459,1.97,2.48
2012.09.07 07:10:29.960,1.98401,1.98459,1.97,2.48
2012.09.07 07:10:30.339,1.9839,1.98447,2.30,1.73
2012.09.07 07:10:30.469,1.9839,1.98447,2.30,1.73
2012.09.07 07:10:30.719,1.9839,1.98447,2.30,1.73
2012.09.07 07:10:31.324,1.98376,1.98428,1.45,1.50
2012.09.07 07:10:32.261,1.98396,1.9843,1.22,1.50
2012.09.07 07:10:32.330,1.98396,1.9843,1.22,1.50
2012.09.07 07:10:32.401,1.98386,1.98433,2.20,1.50
2012.09.07 07:10:32.470,1.98386,1.98444,2.20,2.48
2012.09.07 07:10:32.542,1.98378,1.98436,1.97,1.73
2012.09.07 07:10:32.669,1.98378,1.98436,1.97,1.73
2012.09.07 07:10:32.799,1.98378,1.98436,1.97,1.73
2012.09.07 07:10:33.109,1.9839,1.98446,1.97,2.48
2012.09.07 07:10:33.571,1.98398,1.98448,1.50,1.73
2012.09.07 07:10:34.081,1.9839,1.98446,1.97,2.48
2012.09.07 07:10:35.349,1.9839,1.98446,1.97,2.48
2012.09.07 07:10:35.491,1.9839,1.98446,1.50,2.48
2012.09.07 07:10:35.559,1.9839,1.98433,1.50,2.48
2012.09.07 07:10:35.629,1.98373,1.98429,2.30,2.48
2012.09.07 07:10:35.759,1.98373,1.98429,1.84,2.48
2012.09.07 07:10:35.828,1.98373,1.98429,1.97,2.48
2012.09.07 07:10:36.019,1.98373,1.98429,1.97,2.48
2012.09.07 07:10:36.150,1.98373,1.98429,1.97,2.48
2012.09.07 07:10:36.282,1.98363,1.98421,1.97,1.73
2012.09.07 07:10:36.569,1.98363,1.98421,1.97,2.48
2012.09.07 07:10:36.639,1.98363,1.98421,1.50,2.48
2012.09.07 07:10:37.530,1.98363,1.98421,1.50,1.73
2012.09.07 07:10:37.725,1.98363,1.98421,1.50,1.73
2012.09.07 07:10:38.031,1.98363,1.98421,2.25,1.73
2012.09.07 07:10:38.309,1.98363,1.98421,1.50,2.48
2012.09.07 07:10:38.969,1.98363,1.98421,1.50,1.73
2012.09.07 07:10:39.052,1.98363,1.98421,1.50,1.73
2012.09.07 07:10:39.130,1.98363,1.98421,1.97,1.73
2012.09.07 07:10:39.450,1.98363,1.98421,1.97,1.73
2012.09.07 07:10:39.711,1.98363,1.98421,1.50,2.48
2012.09.07 07:10:39.779,1.98363,1.98421,1.50,2.48
2012.09.07 07:10:40.149,1.98351,1.98408,1.84,1.73
2012.09.07 07:10:40.219,1.98351,1.98408,1.84,1.73
2012.09.07 07:10:40.529,1.98355,1.98409,1.78,1.50
2012.09.07 07:10:40.660,1.98368,1.98426,1.50,1.73
2012.09.07 07:10:40.970,1.98368,1.98426,1.73,1.73
2012.09.07 07:10:41.039,1.98368,1.98426,2.48,1.73
2012.09.07 07:10:41.551,1.98376,1.98434,1.50,2.48
2012.09.07 07:10:43.229,1.98376,1.98434,1.50,2.48
2012.09.07 07:10:43.569,1.98376,1.98434,1.50,2.48
2012.09.07 07:10:43.800,1.98376,1.98434,1.50,2.48
2012.09.07 07:10:45.523,1.98376,1.98434,1.50,2.48
2012.09.07 07:10:45.744,1.98376,1.98434,1.50,2.48
2012.09.07 07:10:45.819,1.98376,1.98434,2.25,2.48
2012.09.07 07:10:46.130,1.98396,1.98446,1.22,1.73
2012.09.07 07:10:46.201,1.984,1.98456,1.50,1.73
2012.09.07 07:10:46.510,1.984,1.98449,1.50,2.48
2012.09.07 07:10:47.001,1.9839,1.98446,1.50,1.73
2012.09.07 07:10:47.749,1.9839,1.98446,1.50,2.48
2012.09.07 07:10:47.939,1.98387,1.98435,1.50,1.73
2012.09.07 07:10:48.010,1.98379,1.98435,1.84,1.73
2012.09.07 07:10:48.438,1.98385,1.98435,1.09,1.73
2012.09.07 07:10:50.269,1.98386,1.98444,1.84,1.73
2012.09.07 07:10:50.346,1.98386,1.98444,2.59,1.73
2012.09.07 07:10:50.452,1.98386,1.98444,2.81,1.73
2012.09.07 07:10:51.380,1.98395,1.98451,2.25,1.73
2012.09.07 07:10:51.570,1.98395,1.98451,2.25,1.73
2012.09.07 07:10:51.982,1.98402,1.9846,1.50,1.73
2012.09.07 07:10:52.060,1.98399,1.98452,1.50,1.73
2012.09.07 07:10:52.259,1.98394,1.98452,2.25,1.73
2012.09.07 07:10:52.910,1.98394,1.98452,2.25,1.73
2012.09.07 07:10:52.979,1.984,1.98452,1.50,1.73
2012.09.07 07:10:53.049,1.98402,1.9846,1.50,1.73
2012.09.07 07:10:53.120,1.98402,1.9846,1.50,1.73
2012.09.07 07:10:53.359,1.98394,1.98455,2.48,1.73
2012.09.07 07:10:53.429,1.98394,1.98455,2.48,1.73
2012.09.07 07:10:54.239,1.98388,1.98446,2.48,1.50
2012.09.07 07:10:54.310,1.98388,1.98446,2.48,1.50
2012.09.07 07:10:54.670,1.98388,1.98446,1.50,1.50
2012.09.07 07:10:55.206,1.98388,1.98446,2.25,1.50
2012.09.07 07:10:55.538,1.98394,1.98455,1.50,2.48
2012.09.07 07:10:56.093,1.98394,1.98446,1.09,1.73
2012.09.07 07:10:56.172,1.98394,1.98454,2.81,1.73
2012.09.07 07:10:56.299,1.98404,1.98462,2.25,1.73
2012.09.07 07:10:56.699,1.98395,1.98453,2.81,1.50
2012.09.07 07:10:57.471,1.98395,1.98453,2.81,1.50
2012.09.07 07:10:57.671,1.98395,1.98453,2.59,1.73
2012.09.07 07:10:58.112,1.98395,1.98453,2.25,1.73
2012.09.07 07:10:59.469,1.98395,1.98453,2.25,1.73
2012.09.07 07:10:59.599,1.98395,1.98453,2.59,1.73
2012.09.07 07:10:59.670,1.98395,1.98453,2.81,1.50
2012.09.07 07:10:59.801,1.98395,1.98453,1.84,1.73
2012.09.07 07:10:59.939,1.98395,1.98453,1.84,2.48
2012.09.07 07:11:00.251,1.98395,1.98453,2.81,1.50
2012.09.07 07:11:00.729,1.98407,1.98461,1.50,1.73
2012.09.07 07:11:01.051,1.984,1.98457,1.73,1.73
2012.09.07 07:11:01.241,1.984,1.98457,1.73,2.48
2012.09.07 07:11:01.550,1.98398,1.98458,2.48,1.50
2012.09.07 07:11:01.861,1.98411,1.98467,1.50,1.73
2012.09.07 07:11:02.181,1.98411,1.98467,1.50,1.73
2012.09.07 07:11:02.419,1.98411,1.98467,1.50,1.73
2012.09.07 07:11:02.550,1.98411,1.98467,1.50,1.73
2012.09.07 07:11:02.979,1.98411,1.98467,1.50,1.73
2012.09.07 07:11:03.168,1.98411,1.98467,1.50,1.73
2012.09.07 07:11:04.040,1.98419,1.98473,1.50,2.48
2012.09.07 07:11:04.170,1.98419,1.98467,1.50,1.73
2012.09.07 07:11:04.485,1.98419,1.98478,1.50,2.48
2012.09.07 07:11:04.739,1.98419,1.98467,1.50,1.73
2012.09.07 07:11:04.810,1.98417,1.98466,1.50,2.48
2012.09.07 07:11:05.451,1.9841,1.98466,1.50,1.73
2012.09.07 07:11:06.278,1.9841,1.98466,1.50,2.48
2012.09.07 07:11:06.891,1.9841,1.98466,1.50,2.48
2012.09.07 07:11:08.880,1.9841,1.98466,1.50,2.48
2012.09.07 07:11:12.369,1.9841,1.98466,2.25,1.73
2012.09.07 07:11:12.499,1.9841,1.98459,2.48,1.50
2012.09.07 07:11:12.628,1.98415,1.98466,2.48,1.50
2012.09.07 07:11:12.701,1.98418,1.98474,1.50,1.73
2012.09.07 07:11:13.329,1.98418,1.98474,2.25,1.73
2012.09.07 07:11:13.538,1.98418,1.98474,1.50,1.73
2012.09.07 07:11:14.090,1.98418,1.98474,1.50,1.73
2012.09.07 07:11:14.224,1.98418,1.98474,1.73,1.73
2012.09.07 07:11:14.441,1.98418,1.98474,1.73,1.73
2012.09.07 07:11:14.629,1.98418,1.98474,2.25,1.73
2012.09.07 07:11:16.489,1.98418,1.98474,2.48,1.73
2012.09.07 07:11:17.354,1.98419,1.98471,1.50,1.73
2012.09.07 07:11:17.464,1.98412,1.98469,1.03,2.25
2012.09.07 07:11:17.599,1.98418,1.98469,1.45,1.50
2012.09.07 07:11:17.910,1.98416,1.98469,1.22,1.50
2012.09.07 07:11:17.980,1.98421,1.98471,1.50,1.50
2012.09.07 07:11:18.231,1.98412,1.9847,2.59,1.50
2012.09.07 07:11:18.359,1.98416,1.9847,1.22,1.50
2012.09.07 07:11:18.690,1.98418,1.9847,1.22,1.50
2012.09.07 07:11:19.001,1.98427,1.9847,1.45,1.50
2012.09.07 07:11:19.310,1.98427,1.98478,1.45,1.50
2012.09.07 07:11:19.474,1.9843,1.98481,2.48,1.50
2012.09.07 07:11:19.611,1.98427,1.98478,1.45,1.50
2012.09.07 07:11:19.681,1.98431,1.98481,2.48,1.50
2012.09.07 07:11:19.796,1.98431,1.98488,2.48,2.48
2012.09.07 07:11:21.038,1.98431,1.98488,1.50,2.48
2012.09.07 07:11:21.360,1.98431,1.98488,1.50,2.48
2012.09.07 07:11:21.431,1.98423,1.98481,2.25,1.73
2012.09.07 07:11:21.500,1.98423,1.98475,1.50,1.73
2012.09.07 07:11:21.570,1.98423,1.98475,1.50,1.73
2012.09.07 07:11:21.640,1.98415,1.98471,2.95,1.50
2012.09.07 07:11:21.846,1.98415,1.98469,1.45,1.50
2012.09.07 07:11:22.159,1.98422,1.9848,2.48,1.73
2012.09.07 07:11:22.419,1.98446,1.9848,1.22,1.73
2012.09.07 07:11:22.491,1.98433,1.9848,1.09,1.50
2012.09.07 07:11:22.680,1.98433,1.9848,1.32,1.50
2012.09.07 07:11:22.750,1.98431,1.9848,1.31,1.50
2012.09.07 07:11:22.881,1.98451,1.98505,1.50,1.32
2012.09.07 07:11:23.020,1.98451,1.98494,1.50,1.50
2012.09.07 07:11:23.091,1.98433,1.98491,1.50,2.25
2012.09.07 07:11:23.160,1.98433,1.98491,1.50,2.48
2012.09.07 07:11:23.469,1.98432,1.98482,1.09,1.73
2012.09.07 07:11:23.779,1.98431,1.98482,1.09,1.73
2012.09.07 07:11:23.850,1.98425,1.98482,1.31,1.50
2012.09.07 07:11:23.919,1.98425,1.98482,1.09,1.50
2012.09.07 07:11:24.119,1.98432,1.98485,1.50,1.50
2012.09.07 07:11:24.287,1.98432,1.9849,1.50,1.73
2012.09.07 07:11:24.418,1.98432,1.9849,1.50,2.48
2012.09.07 07:11:24.983,1.98432,1.9849,1.50,2.48
2012.09.07 07:11:25.072,1.98432,1.98484,1.50,1.50
2012.09.07 07:11:25.411,1.98425,1.98468,2.25,1.50
2012.09.07 07:11:25.541,1.98418,1.98474,2.48,1.50
2012.09.07 07:11:25.909,1.98418,1.98474,1.73,1.73
2012.09.07 07:11:26.040,1.98418,1.98474,2.48,1.73
2012.09.07 07:11:26.169,1.98418,1.98474,1.73,1.73
2012.09.07 07:11:26.238,1.98418,1.98474,1.50,1.73
2012.09.07 07:11:27.018,1.98418,1.98474,2.25,1.73
2012.09.07 07:11:27.089,1.98418,1.98474,2.48,1.50
2012.09.07 07:11:27.159,1.98418,1.98474,1.73,1.50
2012.09.07 07:11:27.289,1.98418,1.98474,1.50,1.73
2012.09.07 07:11:27.480,1.98418,1.98474,2.48,1.50
2012.09.07 07:11:27.611,1.98418,1.98474,2.48,1.50
2012.09.07 07:11:27.739,1.98418,1.98474,2.48,1.50
2012.09.07 07:11:27.810,1.98429,1.98474,1.50,1.50
2012.09.07 07:11:28.139,1.98429,1.98474,1.73,1.50
2012.09.07 07:11:28.473,1.98429,1.98474,1.50,1.73
2012.09.07 07:11:28.669,1.9842,1.98474,1.50,1.73
2012.09.07 07:11:28.804,1.98429,1.98474,1.50,1.73
2012.09.07 07:11:28.940,1.98421,1.98474,2.25,1.73
2012.09.07 07:11:29.011,1.98425,1.98482,2.48,1.73
2012.09.07 07:11:29.639,1.98425,1.98482,2.25,1.73
2012.09.07 07:11:29.769,1.98416,1.98472,2.48,1.50
2012.09.07 07:11:29.900,1.98424,1.98483,1.73,1.73
2012.09.07 07:11:29.970,1.98424,1.98483,1.50,1.73
2012.09.07 07:11:30.419,1.98424,1.98483,2.48,1.73
2012.09.07 07:11:31.460,1.98424,1.98466,1.73,1.50
2012.09.07 07:11:31.529,1.98424,1.98466,1.50,1.50
2012.09.07 07:11:31.670,1.98424,1.98466,2.25,1.50
2012.09.07 07:11:31.740,1.98424,1.98466,1.50,1.50
2012.09.07 07:11:31.830,1.98424,1.98466,2.25,1.50
2012.09.07 07:11:32.021,1.98424,1.98479,2.48,1.50
2012.09.07 07:11:32.100,1.98418,1.98476,2.48,1.50
2012.09.07 07:11:32.819,1.98418,1.98476,2.48,1.50
2012.09.07 07:11:34.884,1.98428,1.98484,2.48,1.50
2012.09.07 07:11:35.457,1.98428,1.98484,2.48,2.25
2012.09.07 07:11:35.690,1.98428,1.98484,1.73,2.25
2012.09.07 07:11:35.938,1.98428,1.98484,2.48,2.25
2012.09.07 07:11:37.688,1.98428,1.98484,2.48,2.25
2012.09.07 07:11:37.999,1.98428,1.98484,1.50,2.48
2012.09.07 07:11:38.070,1.98419,1.98475,2.48,1.50
2012.09.07 07:11:41.070,1.98419,1.98475,2.48,1.73
2012.09.07 07:11:41.475,1.98428,1.98484,1.50,2.48
2012.09.07 07:11:42.029,1.98417,1.98473,1.73,1.73
2012.09.07 07:11:42.191,1.98417,1.98473,2.48,1.73
2012.09.07 07:11:42.710,1.98426,1.98476,2.20,1.50
2012.09.07 07:11:42.779,1.98434,1.98493,1.50,2.48
2012.09.07 07:11:43.089,1.98428,1.98484,1.22,2.48
2012.09.07 07:11:43.349,1.98426,1.98484,2.48,2.25
2012.09.07 07:11:43.509,1.98426,1.98484,2.48,2.25
2012.09.07 07:11:43.895,1.98426,1.98484,2.48,2.25
2012.09.07 07:11:44.088,1.98426,1.98484,2.48,2.48
2012.09.07 07:11:45.288,1.98433,1.98484,1.50,2.25
2012.09.07 07:11:45.832,1.98436,1.98494,2.25,1.73
2012.09.07 07:11:46.199,1.98443,1.98494,1.50,1.73
2012.09.07 07:11:46.330,1.98452,1.98503,1.50,2.25
2012.09.07 07:11:46.399,1.98456,1.98513,1.50,2.48
2012.09.07 07:11:46.470,1.98456,1.98513,1.50,1.73
2012.09.07 07:11:46.729,1.98449,1.98505,1.73,1.73
2012.09.07 07:11:46.920,1.98449,1.98505,2.48,1.73
2012.09.07 07:11:47.309,1.98449,1.98505,2.48,1.73
2012.09.07 07:11:47.469,1.98449,1.98505,1.73,1.73
2012.09.07 07:11:47.540,1.98456,1.98505,1.50,1.73
2012.09.07 07:11:47.933,1.98458,1.98516,1.50,2.48
2012.09.07 07:11:48.360,1.98458,1.98516,1.50,2.48
2012.09.07 07:11:50.940,1.98458,1.98516,1.50,2.48
2012.09.07 07:11:51.772,1.98456,1.98505,1.50,1.73
2012.09.07 07:11:51.850,1.98449,1.98505,1.50,1.73
2012.09.07 07:11:52.128,1.98449,1.98505,2.25,1.73
2012.09.07 07:11:52.379,1.98459,1.98508,1.50,1.50
2012.09.07 07:11:52.450,1.98459,1.98515,1.50,1.73
2012.09.07 07:11:52.919,1.98459,1.98515,1.50,1.73
2012.09.07 07:11:54.360,1.98459,1.98515,1.50,1.73
2012.09.07 07:11:54.873,1.98459,1.98515,1.50,1.73
2012.09.07 07:11:55.294,1.98459,1.98515,1.50,1.73
2012.09.07 07:11:56.749,1.98459,1.98515,1.50,1.73
2012.09.07 07:11:57.219,1.98459,1.98515,1.50,2.48
2012.09.07 07:11:57.350,1.98448,1.98506,2.53,1.73
2012.09.07 07:11:57.719,1.98448,1.98506,2.30,1.73
2012.09.07 07:11:58.051,1.98448,1.98506,1.84,1.73
2012.09.07 07:11:58.253,1.98448,1.98506,1.84,1.73
2012.09.07 07:11:58.915,1.98448,1.98506,1.84,1.73
2012.09.07 07:11:59.554,1.98452,1.98506,1.50,1.73
2012.09.07 07:11:59.630,1.98455,1.98514,2.25,1.73
2012.09.07 07:11:59.819,1.98464,1.9852,1.50,1.73
2012.09.07 07:12:00.630,1.98464,1.9852,1.50,1.73
2012.09.07 07:12:01.324,1.98464,1.9852,1.50,2.48
2012.09.07 07:12:01.402,1.98462,1.9852,1.50,2.48
2012.09.07 07:12:01.539,1.98462,1.9852,1.50,2.48
2012.09.07 07:12:01.670,1.98462,1.9852,1.50,2.48
2012.09.07 07:12:01.802,1.98463,1.98521,1.50,2.48
2012.09.07 07:12:02.019,1.98463,1.98521,1.50,2.48
2012.09.07 07:12:02.091,1.98463,1.98521,1.50,2.48
2012.09.07 07:12:02.221,1.98463,1.98521,1.73,1.73
2012.09.07 07:12:02.291,1.98463,1.98521,2.48,1.73
2012.09.07 07:12:02.821,1.98463,1.98521,2.25,1.73
2012.09.07 07:12:04.669,1.98463,1.98521,1.50,1.73
2012.09.07 07:12:04.738,1.98463,1.98521,1.50,1.73
2012.09.07 07:12:04.989,1.98463,1.98521,2.48,1.73
2012.09.07 07:12:05.299,1.98463,1.98521,1.50,1.73
2012.09.07 07:12:05.431,1.98455,1.98513,2.20,1.73
2012.09.07 07:12:05.501,1.98455,1.98513,1.73,1.73
2012.09.07 07:12:05.640,1.98465,1.98523,2.25,1.73
2012.09.07 07:12:05.769,1.98465,1.98523,2.48,1.73
2012.09.07 07:12:05.840,1.98473,1.98525,1.50,2.48
2012.09.07 07:12:06.358,1.98473,1.98531,1.97,2.48
2012.09.07 07:12:10.589,1.98473,1.98531,1.97,1.73
2012.09.07 07:12:10.939,1.98473,1.98531,1.97,1.73
2012.09.07 07:12:11.388,1.98473,1.98531,1.50,1.73
2012.09.07 07:12:12.290,1.98471,1.98523,1.50,1.73
2012.09.07 07:12:12.359,1.98465,1.98523,2.30,1.73
2012.09.07 07:12:12.429,1.98465,1.98523,1.84,1.73
2012.09.07 07:12:12.521,1.98465,1.98523,1.84,1.73
2012.09.07 07:12:13.073,1.98465,1.98523,1.84,1.73
2012.09.07 07:12:13.150,1.98465,1.98523,1.84,1.73
2012.09.07 07:12:13.218,1.98465,1.98523,2.30,1.73
2012.09.07 07:12:14.349,1.98456,1.98515,2.30,1.73
2012.09.07 07:12:16.244,1.98467,1.98523,1.97,2.48
2012.09.07 07:12:16.830,1.98467,1.98523,1.97,1.73
2012.09.07 07:12:18.254,1.98467,1.98523,1.97,1.73
2012.09.07 07:12:18.929,1.98467,1.98523,1.97,1.73
2012.09.07 07:12:19.000,1.98474,1.98532,1.50,2.48
2012.09.07 07:12:19.319,1.98474,1.98531,1.50,1.73
2012.09.07 07:12:20.275,1.98474,1.98531,1.50,1.73
2012.09.07 07:12:20.420,1.98474,1.98531,1.50,1.73
2012.09.07 07:12:20.490,1.98474,1.98532,1.50,2.48
2012.09.07 07:12:20.995,1.98474,1.98532,1.50,2.48
2012.09.07 07:12:21.503,1.98474,1.98532,1.50,2.48
2012.09.07 07:12:21.579,1.98466,1.98522,2.72,1.73
2012.09.07 07:12:21.768,1.98466,1.98522,2.72,1.73
2012.09.07 07:12:22.293,1.98473,1.98521,1.50,1.73
2012.09.07 07:12:22.695,1.98476,1.98532,1.50,2.48
2012.09.07 07:12:23.190,1.98466,1.98522,2.72,1.73
2012.09.07 07:12:23.790,1.98466,1.98522,1.97,1.73
2012.09.07 07:12:23.918,1.98473,1.98526,1.50,2.48
2012.09.07 07:12:24.289,1.98473,1.98531,1.50,3.23
2012.09.07 07:12:24.819,1.98465,1.98523,1.97,1.73
2012.09.07 07:12:25.420,1.98471,1.98523,1.50,1.73
2012.09.07 07:12:25.793,1.98471,1.98522,1.50,1.73
2012.09.07 07:12:25.871,1.98471,1.98522,1.50,1.73
2012.09.07 07:12:26.119,1.98456,1.9851,1.78,1.73
2012.09.07 07:12:26.189,1.98458,1.9851,1.55,1.73
2012.09.07 07:12:26.524,1.98455,1.9851,1.55,1.73
2012.09.07 07:12:26.853,1.98455,1.9851,1.55,1.73
2012.09.07 07:12:27.049,1.98455,1.9851,1.55,1.73
2012.09.07 07:12:27.589,1.98455,1.9851,1.55,1.73
2012.09.07 07:12:28.049,1.98455,1.9851,1.78,1.73
2012.09.07 07:12:28.725,1.98455,1.9851,1.55,1.73
2012.09.07 07:12:29.270,1.98455,1.9851,1.55,1.73
2012.09.07 07:12:29.340,1.98456,1.9851,1.03,1.73
2012.09.07 07:12:29.549,1.98456,1.9851,1.03,1.73
2012.09.07 07:12:29.679,1.98465,1.98514,1.50,1.73
2012.09.07 07:12:30.324,1.98465,1.98521,1.97,1.73
2012.09.07 07:12:30.470,1.98456,1.98512,2.53,1.73
2012.09.07 07:12:30.539,1.98456,1.98512,2.30,1.73
2012.09.07 07:12:37.879,1.98456,1.98512,2.30,1.73
2012.09.07 07:12:38.421,1.98456,1.98512,1.97,1.73
2012.09.07 07:12:38.900,1.98457,1.98512,1.45,1.73
2012.09.07 07:12:38.969,1.98467,1.98524,1.45,1.73
2012.09.07 07:12:40.229,1.98466,1.98524,2.95,2.48
2012.09.07 07:12:40.300,1.98466,1.98513,1.45,1.50
2012.09.07 07:12:40.430,1.98465,1.98521,2.20,1.73
2012.09.07 07:12:40.619,1.98464,1.98522,1.97,1.73
2012.09.07 07:12:40.750,1.98464,1.98522,2.25,1.73
2012.09.07 07:12:40.820,1.98464,1.98522,2.48,1.73
2012.09.07 07:12:41.070,1.98465,1.98522,1.45,1.73
2012.09.07 07:12:41.200,1.98462,1.98513,2.48,1.50
2012.09.07 07:12:41.269,1.98458,1.98513,1.45,1.50
2012.09.07 07:12:42.459,1.98458,1.98513,1.37,1.73
2012.09.07 07:12:42.530,1.98457,1.98513,2.12,1.73
2012.09.07 07:12:42.660,1.98458,1.98513,1.37,1.73
2012.09.07 07:12:42.729,1.98457,1.98513,2.87,1.50
2012.09.07 07:12:42.863,1.98457,1.98505,1.37,1.50
2012.09.07 07:12:43.321,1.98457,1.98511,1.45,1.50
2012.09.07 07:12:43.450,1.98457,1.98511,1.45,1.50
2012.09.07 07:12:43.520,1.98457,1.98511,1.45,1.50
2012.09.07 07:12:44.029,1.98465,1.9852,1.45,1.73
2012.09.07 07:12:44.230,1.98465,1.98512,1.45,1.50
2012.09.07 07:12:44.629,1.98467,1.98512,1.45,1.50
2012.09.07 07:12:45.189,1.98467,1.98515,1.45,1.50
2012.09.07 07:12:45.259,1.98467,1.98523,1.45,1.73
2012.09.07 07:12:45.329,1.98467,1.98523,1.45,1.73
2012.09.07 07:12:45.969,1.98467,1.98512,1.45,1.50
2012.09.07 07:12:46.170,1.98465,1.98512,1.45,1.50
2012.09.07 07:12:46.241,1.98456,1.98512,2.95,1.50
2012.09.07 07:12:46.309,1.98463,1.98516,1.97,1.73
2012.09.07 07:12:46.379,1.98468,1.98516,1.22,1.73
2012.09.07 07:12:46.750,1.98468,1.98521,1.45,1.50
2012.09.07 07:12:47.430,1.98467,1.98521,1.45,1.73
2012.09.07 07:12:47.700,1.98465,1.98521,1.45,1.73
2012.09.07 07:12:47.825,1.98465,1.98521,1.45,1.50
2012.09.07 07:12:48.498,1.98467,1.98521,1.45,1.73
2012.09.07 07:12:48.629,1.98465,1.98521,1.45,1.73
2012.09.07 07:12:48.699,1.98465,1.98521,1.22,1.73
2012.09.07 07:12:49.150,1.98465,1.98513,1.22,1.50
2012.09.07 07:12:49.682,1.98465,1.9852,1.22,1.73
2012.09.07 07:12:49.881,1.98462,1.98513,1.03,1.50
2012.09.07 07:12:50.021,1.98457,1.98513,1.03,1.50
2012.09.07 07:12:50.559,1.98461,1.98513,1.31,1.73
2012.09.07 07:12:51.049,1.98458,1.98513,1.03,1.73
2012.09.07 07:12:51.290,1.98461,1.98513,1.31,1.73
2012.09.07 07:12:51.779,1.98465,1.98513,1.22,1.73
2012.09.07 07:12:52.089,1.98455,1.98513,2.30,1.73
2012.09.07 07:12:52.340,1.98461,1.98513,1.31,1.50
2012.09.07 07:12:52.470,1.98455,1.98513,2.06,2.25
2012.09.07 07:12:52.662,1.98445,1.98503,2.72,1.73
2012.09.07 07:12:52.789,1.98445,1.98503,2.72,1.73
2012.09.07 07:12:53.300,1.98445,1.98503,1.97,1.73
2012.09.07 07:12:54.960,1.98445,1.98503,1.97,1.73
2012.09.07 07:12:55.549,1.98445,1.98503,2.72,1.73
2012.09.07 07:12:55.859,1.98451,1.98503,1.50,1.73
2012.09.07 07:12:55.930,1.98451,1.98503,1.50,1.73
2012.09.07 07:12:56.000,1.98454,1.9851,1.50,1.73
2012.09.07 07:12:56.130,1.98454,1.9851,1.73,1.73
2012.09.07 07:12:56.719,1.98454,1.9851,2.48,1.73
2012.09.07 07:12:56.849,1.98451,1.985,2.48,1.50
2012.09.07 07:12:58.999,1.98456,1.985,1.22,1.50
2012.09.07 07:12:59.610,1.98456,1.98511,1.22,1.73
2012.09.07 07:12:59.740,1.98456,1.98506,1.22,1.73
2012.09.07 07:12:59.809,1.98456,1.98502,1.22,1.73
2012.09.07 07:12:59.999,1.98447,1.98502,1.45,1.73
2012.09.07 07:13:00.070,1.98446,1.98502,2.20,1.73
2012.09.07 07:13:00.271,1.98448,1.98502,1.45,1.73
2012.09.07 07:13:00.910,1.9846,1.98509,1.50,1.73
2012.09.07 07:13:01.000,1.9845,1.98506,2.48,1.73
2012.09.07 07:13:01.251,1.9845,1.98506,1.73,1.73
2012.09.07 07:13:01.430,1.9845,1.98506,2.48,1.73
2012.09.07 07:13:01.740,1.98455,1.98506,1.22,1.73
2012.09.07 07:13:02.269,1.9845,1.98506,2.20,1.73
2012.09.07 07:13:03.439,1.98448,1.98505,1.45,1.73
2012.09.07 07:13:03.811,1.98455,1.98505,1.22,1.73
2012.09.07 07:13:04.059,1.98456,1.98515,2.20,1.73
2012.09.07 07:13:04.610,1.98456,1.98515,2.20,1.73
2012.09.07 07:13:05.142,1.98455,1.98504,1.45,1.50
2012.09.07 07:13:05.476,1.98455,1.98504,1.45,1.50
2012.09.07 07:13:05.610,1.98466,1.98504,1.22,1.50
2012.09.07 07:13:06.391,1.98466,1.98518,2.95,1.50
2012.09.07 07:13:06.465,1.98469,1.98525,1.50,2.48
2012.09.07 07:13:06.599,1.98469,1.98525,2.25,2.48
2012.09.07 07:13:07.169,1.98469,1.98525,1.50,2.48
2012.09.07 07:13:07.780,1.98469,1.98525,1.50,2.48
2012.09.07 07:13:08.250,1.98469,1.98525,1.50,2.48
2012.09.07 07:13:08.847,1.98465,1.98518,1.22,1.73
2012.09.07 07:13:09.851,1.9847,1.98528,1.50,2.48
2012.09.07 07:13:10.616,1.98468,1.98526,1.97,2.48
2012.09.07 07:13:11.175,1.98466,1.98517,1.22,1.50
2012.09.07 07:13:11.829,1.98466,1.98517,1.22,1.73
2012.09.07 07:13:12.452,1.98465,1.98517,1.22,1.50
2012.09.07 07:13:13.773,1.98465,1.98517,1.22,1.73
2012.09.07 07:13:13.881,1.98465,1.98517,1.22,1.73
2012.09.07 07:13:14.858,1.98461,1.98517,1.97,1.73
2012.09.07 07:13:17.550,1.98466,1.98517,1.45,1.50
2012.09.07 07:13:17.681,1.98485,1.98517,1.22,1.50
2012.09.07 07:13:17.928,1.98478,1.98517,1.45,1.50
2012.09.07 07:13:18.260,1.98478,1.98525,1.45,1.50
2012.09.07 07:13:19.177,1.98476,1.98525,1.45,1.50
2012.09.07 07:13:19.272,1.98469,1.98525,2.20,1.50
2012.09.07 07:13:20.070,1.98475,1.98518,1.22,1.50
2012.09.07 07:13:22.345,1.98476,1.98528,1.45,1.50
2012.09.07 07:13:23.415,1.98476,1.98518,1.45,1.50
2012.09.07 07:13:24.280,1.98476,1.98518,1.22,1.50
2012.09.07 07:13:24.589,1.98479,1.98525,1.03,1.50
2012.09.07 07:13:24.900,1.9848,1.98534,1.03,1.50
2012.09.07 07:13:25.409,1.98495,1.98534,1.22,1.50
2012.09.07 07:13:25.781,1.98486,1.98539,1.45,1.50
2012.09.07 07:13:26.611,1.98485,1.98539,1.45,1.50
2012.09.07 07:13:26.913,1.98485,1.98539,1.45,1.50
2012.09.07 07:13:28.619,1.98485,1.98539,1.45,1.73
2012.09.07 07:13:29.890,1.98488,1.98539,1.22,1.50
2012.09.07 07:13:30.139,1.98495,1.98547,1.22,1.50
2012.09.07 07:13:30.270,1.98495,1.98547,1.45,1.50
2012.09.07 07:13:30.769,1.98505,1.98557,1.45,1.50
2012.09.07 07:13:32.808,1.98499,1.98557,2.20,1.50
2012.09.07 07:13:32.890,1.98499,1.98557,2.20,1.73
2012.09.07 07:13:33.362,1.98499,1.98557,2.20,1.73
2012.09.07 07:13:34.852,1.98498,1.98541,1.03,1.50
2012.09.07 07:13:36.170,1.98498,1.98545,1.03,1.50
2012.09.07 07:13:36.239,1.98498,1.98552,1.03,1.73
2012.09.07 07:13:37.191,1.98507,1.98552,1.22,1.73
2012.09.07 07:13:37.500,1.98491,1.98538,1.03,1.50
2012.09.07 07:13:37.570,1.98487,1.98538,1.03,1.50
2012.09.07 07:13:37.641,1.98487,1.98538,1.03,1.50
2012.09.07 07:13:37.831,1.98489,1.98547,1.84,2.48
2012.09.07 07:13:37.961,1.98489,1.98547,1.84,2.48
2012.09.07 07:13:38.400,1.9849,1.98538,1.09,1.73
2012.09.07 07:13:38.531,1.98496,1.98538,1.22,1.50
2012.09.07 07:13:40.240,1.9849,1.98541,2.53,1.50
2012.09.07 07:13:40.310,1.9849,1.98546,2.53,1.73
2012.09.07 07:13:40.499,1.9849,1.98546,2.06,1.73
2012.09.07 07:13:40.569,1.9849,1.98546,1.84,1.73
2012.09.07 07:13:41.166,1.98491,1.98546,1.03,1.50
2012.09.07 07:13:41.458,1.98496,1.98546,1.45,1.50
2012.09.07 07:13:41.782,1.9849,1.98546,2.53,1.73
2012.09.07 07:13:42.565,1.985,1.9855,1.50,2.48
2012.09.07 07:13:42.700,1.985,1.98556,1.50,2.48
2012.09.07 07:13:42.815,1.985,1.98556,1.50,2.48
2012.09.07 07:13:43.500,1.98491,1.98549,2.06,1.73
2012.09.07 07:13:44.016,1.98502,1.98551,1.50,1.73
2012.09.07 07:13:44.291,1.98498,1.98549,1.73,1.50
2012.09.07 07:13:44.877,1.98498,1.98549,1.50,1.73
2012.09.07 07:13:44.950,1.98501,1.98559,1.50,2.48
2012.09.07 07:13:45.511,1.98501,1.98559,1.50,2.48
2012.09.07 07:13:45.761,1.98501,1.98559,1.50,2.48
2012.09.07 07:13:46.957,1.98501,1.98559,1.50,2.48
2012.09.07 07:13:47.251,1.98501,1.98559,1.50,2.48
2012.09.07 07:13:49.562,1.98501,1.98559,1.50,2.48
2012.09.07 07:13:50.069,1.98501,1.98559,1.50,2.48
2012.09.07 07:13:50.749,1.98493,1.9855,1.73,1.73
2012.09.07 07:13:54.319,1.985,1.9855,1.50,1.73
2012.09.07 07:13:54.629,1.98502,1.9856,1.50,2.48
2012.09.07 07:13:58.810,1.98492,1.9855,2.53,2.48
2012.09.07 07:13:58.879,1.98492,1.9855,1.84,2.48
2012.09.07 07:13:59.070,1.98492,1.9855,2.53,1.73
2012.09.07 07:13:59.580,1.98492,1.98543,2.53,1.50
2012.09.07 07:13:59.962,1.98491,1.98541,1.03,1.50
2012.09.07 07:14:00.031,1.98492,1.9855,2.20,1.73
2012.09.07 07:14:00.311,1.98502,1.9856,1.50,2.48
2012.09.07 07:14:00.559,1.98502,1.9856,1.73,1.73
2012.09.07 07:14:00.690,1.98502,1.9856,1.73,2.48
2012.09.07 07:14:00.988,1.9849,1.98548,2.06,1.73
2012.09.07 07:14:01.499,1.9849,1.98548,2.06,1.73
2012.09.07 07:14:01.810,1.9849,1.98548,1.84,2.48
2012.09.07 07:14:02.119,1.98496,1.98548,1.22,1.73
2012.09.07 07:14:02.455,1.98503,1.98559,1.97,1.73
2012.09.07 07:14:02.532,1.98508,1.98559,1.97,1.73
2012.09.07 07:14:02.600,1.9851,1.98564,1.50,1.73
2012.09.07 07:14:03.187,1.9851,1.98562,1.50,2.48
2012.09.07 07:14:03.259,1.98502,1.9856,2.20,2.48
2012.09.07 07:14:03.468,1.98502,1.9856,2.20,1.73
2012.09.07 07:14:05.061,1.98502,1.9856,2.20,2.48
2012.09.07 07:14:05.451,1.98502,1.9856,1.97,2.48
2012.09.07 07:14:05.520,1.98502,1.9856,1.50,2.48
2012.09.07 07:14:06.180,1.985,1.98548,1.50,1.50
2012.09.07 07:14:06.730,1.98491,1.98548,1.03,1.50
2012.09.07 07:14:07.219,1.9849,1.98548,2.20,1.73
2012.09.07 07:14:07.289,1.9849,1.98548,1.73,1.73
2012.09.07 07:14:09.351,1.9849,1.98548,2.06,1.50
2012.09.07 07:14:10.828,1.9849,1.98548,1.73,1.73
2012.09.07 07:14:11.669,1.9849,1.98548,1.73,2.48
2012.09.07 07:14:11.739,1.9849,1.98548,1.50,2.48
2012.09.07 07:14:12.309,1.9849,1.98548,1.50,1.73
2012.09.07 07:14:12.509,1.9849,1.98548,1.73,1.50
2012.09.07 07:14:12.859,1.9849,1.98548,1.73,2.25
2012.09.07 07:14:12.930,1.9849,1.98548,1.50,2.48
2012.09.07 07:14:15.056,1.9849,1.98548,1.50,2.48
2012.09.07 07:14:15.276,1.9849,1.98548,1.50,2.48
2012.09.07 07:14:15.669,1.9849,1.98548,1.50,2.48
2012.09.07 07:14:15.938,1.9849,1.98548,1.50,2.48
2012.09.07 07:14:18.438,1.98482,1.98541,2.06,2.48
2012.09.07 07:14:18.508,1.98482,1.98541,2.06,1.73
2012.09.07 07:14:18.989,1.98482,1.98541,1.84,2.48
2012.09.07 07:14:19.180,1.98482,1.98541,1.50,2.48
2012.09.07 07:14:20.290,1.98482,1.9854,1.50,2.48
2012.09.07 07:14:20.680,1.98482,1.9854,1.50,2.48
2012.09.07 07:14:23.813,1.98482,1.9854,1.50,2.48
2012.09.07 07:14:24.359,1.98482,1.9854,1.50,2.48
2012.09.07 07:14:24.880,1.98482,1.9854,1.50,2.48
2012.09.07 07:14:25.459,1.98482,1.9854,1.73,1.73
2012.09.07 07:14:25.649,1.9849,1.9854,1.50,1.73
2012.09.07 07:14:25.959,1.98493,1.98549,1.50,2.48
2012.09.07 07:14:26.030,1.9849,1.98539,1.50,1.50
2012.09.07 07:14:26.100,1.98483,1.98539,1.73,1.50
2012.09.07 07:14:26.250,1.98483,1.98539,1.73,2.25
2012.09.07 07:14:26.568,1.98471,1.98527,2.06,1.73
2012.09.07 07:14:27.069,1.98471,1.98527,2.06,1.73
2012.09.07 07:14:27.370,1.98471,1.98527,2.06,2.25
2012.09.07 07:14:27.699,1.98471,1.98527,1.84,2.48
2012.09.07 07:14:28.655,1.98472,1.98528,2.06,1.73
2012.09.07 07:14:28.732,1.9848,1.98536,1.50,2.48
2012.09.07 07:14:29.131,1.9848,1.98536,1.50,2.48
2012.09.07 07:14:29.321,1.98472,1.98528,1.73,2.48
2012.09.07 07:14:29.391,1.98472,1.98528,1.50,2.48
2012.09.07 07:14:30.169,1.98472,1.98528,1.50,2.48
2012.09.07 07:14:30.509,1.98472,1.98528,1.50,2.48
2012.09.07 07:14:30.640,1.98472,1.98522,1.73,2.25
2012.09.07 07:14:30.771,1.98469,1.98521,1.84,2.48
2012.09.07 07:14:30.971,1.98461,1.98517,2.06,1.50
2012.09.07 07:14:31.098,1.98461,1.98517,2.06,2.25
2012.09.07 07:14:31.350,1.98461,1.98517,1.73,2.48
2012.09.07 07:14:32.909,1.98457,1.98507,1.73,1.50
2012.09.07 07:14:33.191,1.98458,1.98516,1.73,2.48
2012.09.07 07:14:34.471,1.98458,1.98516,1.73,2.48
2012.09.07 07:14:34.781,1.98458,1.98516,1.73,2.48
2012.09.07 07:14:35.100,1.9845,1.98508,2.06,2.48
2012.09.07 07:14:35.170,1.9845,1.98508,2.06,1.73
2012.09.07 07:14:35.839,1.9845,1.98508,2.06,2.48
2012.09.07 07:14:36.169,1.9845,1.98508,1.84,2.48
2012.09.07 07:14:36.990,1.9845,1.98508,2.06,1.50
2012.09.07 07:14:37.870,1.98459,1.98517,1.73,2.48
2012.09.07 07:14:38.500,1.98459,1.98517,1.73,2.25
2012.09.07 07:14:38.630,1.98459,1.98517,1.50,1.73
2012.09.07 07:14:38.699,1.98459,1.98517,1.73,1.50
2012.09.07 07:14:39.954,1.98459,1.98517,1.50,1.73
2012.09.07 07:14:40.044,1.98452,1.98509,2.06,1.73
2012.09.07 07:14:40.379,1.98452,1.98509,2.06,2.48
2012.09.07 07:14:40.981,1.98452,1.98509,2.06,2.48
2012.09.07 07:14:41.472,1.98452,1.98509,2.06,1.73
2012.09.07 07:14:41.551,1.9846,1.98512,1.50,1.73
2012.09.07 07:14:41.892,1.9846,1.98516,1.50,2.48
2012.09.07 07:14:42.069,1.9846,1.98516,1.50,2.48
2012.09.07 07:14:42.610,1.9846,1.98516,1.73,2.48
2012.09.07 07:14:42.680,1.9846,1.98516,1.50,2.48
2012.09.07 07:14:43.061,1.98452,1.98509,1.73,1.73
2012.09.07 07:14:43.199,1.98452,1.98509,2.06,2.48
2012.09.07 07:14:44.390,1.98452,1.98509,2.06,1.73
2012.09.07 07:14:44.519,1.98452,1.98509,2.06,2.48
2012.09.07 07:14:44.922,1.98459,1.98517,1.50,2.48
2012.09.07 07:14:45.443,1.98459,1.98517,1.73,2.48
2012.09.07 07:14:45.523,1.98459,1.98517,1.73,2.48
2012.09.07 07:14:46.599,1.98459,1.98517,1.73,2.48
2012.09.07 07:14:46.870,1.98456,1.98507,1.50,2.48
2012.09.07 07:14:46.999,1.98449,1.98507,1.84,2.48
2012.09.07 07:14:48.999,1.98449,1.98507,2.06,1.73
2012.09.07 07:14:50.051,1.98449,1.98507,2.06,1.73
2012.09.07 07:14:50.462,1.98459,1.98517,1.50,2.48
2012.09.07 07:14:51.043,1.98459,1.98517,1.50,2.48
2012.09.07 07:14:52.103,1.98459,1.98517,1.50,2.48
2012.09.07 07:14:52.390,1.98459,1.98517,1.73,2.48
2012.09.07 07:14:53.531,1.98459,1.98517,1.50,2.48
2012.09.07 07:14:53.879,1.98459,1.98517,1.73,2.48
2012.09.07 07:14:54.250,1.98459,1.98513,1.73,1.50
2012.09.07 07:14:54.579,1.98451,1.9851,2.06,1.73
2012.09.07 07:14:55.558,1.9846,1.98516,1.50,2.48
2012.09.07 07:14:56.160,1.98459,1.98517,1.73,1.73
2012.09.07 07:14:56.500,1.98469,1.98527,1.50,2.48
2012.09.07 07:14:57.174,1.98469,1.98527,1.50,2.48
2012.09.07 07:14:57.409,1.98469,1.98527,1.50,2.48
2012.09.07 07:14:57.651,1.98469,1.98527,1.50,2.48
2012.09.07 07:14:57.733,1.98469,1.98527,1.73,2.48
2012.09.07 07:14:59.896,1.98469,1.98527,1.73,2.48
2012.09.07 07:15:00.228,1.98467,1.98517,1.50,2.48
2012.09.07 07:15:00.588,1.98459,1.98517,1.50,2.48
2012.09.07 07:15:03.410,1.98459,1.98517,1.50,2.48
2012.09.07 07:15:03.720,1.98469,1.98522,1.50,1.26
2012.09.07 07:15:03.921,1.98469,1.98524,1.50,1.26
2012.09.07 07:15:04.406,1.98469,1.98522,1.50,1.26
2012.09.07 07:15:04.929,1.98469,1.98522,1.50,1.26
2012.09.07 07:15:04.999,1.98469,1.98522,1.50,1.26
2012.09.07 07:15:05.190,1.98469,1.98525,1.50,1.26
2012.09.07 07:15:05.405,1.98469,1.98525,1.50,1.26
2012.09.07 07:15:05.720,1.98481,1.98525,1.50,1.26
2012.09.07 07:15:05.943,1.98481,1.98525,1.50,1.26
2012.09.07 07:15:06.640,1.98479,1.98525,1.50,1.26
2012.09.07 07:15:06.709,1.98474,1.98525,1.50,1.26
2012.09.07 07:15:06.840,1.98474,1.98525,1.50,1.26
2012.09.07 07:15:07.151,1.98463,1.98521,1.97,1.73
2012.09.07 07:15:07.280,1.98463,1.98521,1.97,1.73
2012.09.07 07:15:07.539,1.98456,1.98513,1.78,1.73
2012.09.07 07:15:07.612,1.98456,1.98513,1.78,1.50
2012.09.07 07:15:07.799,1.98456,1.98513,1.78,1.50
2012.09.07 07:15:07.929,1.98456,1.98513,1.78,1.50
2012.09.07 07:15:08.461,1.98456,1.98504,1.78,1.50
2012.09.07 07:15:10.024,1.98456,1.98504,1.03,1.50
2012.09.07 07:15:10.100,1.98456,1.98504,1.03,1.50
2012.09.07 07:15:10.309,1.98456,1.9851,1.03,1.50
2012.09.07 07:15:10.770,1.98457,1.98503,1.45,1.50
2012.09.07 07:15:11.692,1.98456,1.98493,1.03,1.50
2012.09.07 07:15:11.949,1.98448,1.98493,1.03,1.50
2012.09.07 07:15:13.801,1.98447,1.98496,1.03,1.50
2012.09.07 07:15:13.869,1.98447,1.98503,1.03,1.50
2012.09.07 07:15:14.270,1.98447,1.98503,1.03,1.73
2012.09.07 07:15:14.400,1.98447,1.98495,1.03,1.50
2012.09.07 07:15:14.820,1.98439,1.98494,1.84,1.26
2012.09.07 07:15:15.269,1.98439,1.98495,2.06,2.01
2012.09.07 07:15:15.421,1.98439,1.98495,2.06,1.73
2012.09.07 07:15:15.679,1.98439,1.98494,2.06,1.04
2012.09.07 07:15:16.077,1.98437,1.98486,1.03,1.50
2012.09.07 07:15:16.619,1.9843,1.98486,1.31,1.50
2012.09.07 07:15:16.811,1.9843,1.98486,1.31,2.01
2012.09.07 07:15:16.880,1.98435,1.98486,1.22,1.73
2012.09.07 07:15:17.191,1.98437,1.98488,2.20,1.50
2012.09.07 07:15:17.262,1.98437,1.98493,2.20,1.50
2012.09.07 07:15:17.919,1.98437,1.98493,2.20,1.79
2012.09.07 07:15:17.990,1.98437,1.98493,2.20,2.01
2012.09.07 07:15:18.579,1.98437,1.98493,2.20,1.50
2012.09.07 07:15:19.639,1.98437,1.98493,2.20,2.01
2012.09.07 07:15:19.722,1.98437,1.98493,2.20,1.79
2012.09.07 07:15:20.918,1.98437,1.98493,2.20,1.79
2012.09.07 07:15:21.700,1.98437,1.98493,2.20,1.79
2012.09.07 07:15:24.109,1.98437,1.98493,2.20,1.73
2012.09.07 07:15:24.469,1.98438,1.98493,1.45,1.73
2012.09.07 07:15:24.779,1.98448,1.98503,1.45,1.50
2012.09.07 07:15:26.339,1.98447,1.98503,1.03,1.50
2012.09.07 07:15:26.409,1.98447,1.98503,1.03,1.50
2012.09.07 07:15:26.611,1.98447,1.98497,1.03,1.50
2012.09.07 07:15:26.919,1.98447,1.98493,1.03,1.50
2012.09.07 07:15:27.651,1.98447,1.98493,1.03,1.50
2012.09.07 07:15:28.230,1.98447,1.98493,1.03,1.50
2012.09.07 07:15:28.300,1.98443,1.98493,2.06,1.50
2012.09.07 07:15:28.741,1.98437,1.9849,1.03,1.50
2012.09.07 07:15:29.319,1.98437,1.9849,1.03,1.50
2012.09.07 07:15:29.630,1.98424,1.98481,1.09,1.73
2012.09.07 07:15:29.699,1.98426,1.98481,1.45,1.50
2012.09.07 07:15:30.220,1.98432,1.98488,1.73,1.50
2012.09.07 07:15:30.390,1.98432,1.98488,2.20,1.50
2012.09.07 07:15:31.372,1.9843,1.98463,2.20,1.50
2012.09.07 07:15:31.570,1.98411,1.98463,1.84,2.76
2012.09.07 07:15:31.640,1.98405,1.98459,1.09,1.73
2012.09.07 07:15:31.710,1.98415,1.98459,1.45,1.50
2012.09.07 07:15:31.780,1.98419,1.98468,1.73,1.50
2012.09.07 07:15:31.849,1.98423,1.98479,2.25,1.73
2012.09.07 07:15:31.990,1.98423,1.98479,2.48,1.50
2012.09.07 07:15:32.179,1.98435,1.98491,1.50,1.73
2012.09.07 07:15:32.769,1.98435,1.98485,1.50,1.50
2012.09.07 07:15:33.110,1.98426,1.98481,1.45,1.50
2012.09.07 07:15:33.759,1.98425,1.98476,2.20,1.50
2012.09.07 07:15:33.889,1.98418,1.98473,1.03,1.50
2012.09.07 07:15:34.410,1.98418,1.98473,1.03,1.50
2012.09.07 07:15:34.731,1.98421,1.98473,1.31,1.50
2012.09.07 07:15:34.980,1.98418,1.98473,1.03,1.50
2012.09.07 07:15:35.530,1.9842,1.98473,1.31,1.50
2012.09.07 07:15:35.721,1.98427,1.98485,1.73,1.79
2012.09.07 07:15:35.969,1.98427,1.98485,2.20,1.50
2012.09.07 07:15:36.161,1.98427,1.98464,1.73,1.04
2012.09.07 07:15:36.470,1.98427,1.98473,1.50,2.01
2012.09.07 07:15:36.600,1.98427,1.98473,1.97,1.50
2012.09.07 07:15:36.669,1.98427,1.98473,2.20,1.50
2012.09.07 07:15:37.280,1.98433,1.98489,1.73,1.50
2012.09.07 07:15:39.078,1.98433,1.98489,1.73,2.25
2012.09.07 07:15:39.391,1.98433,1.98485,1.50,1.26
2012.09.07 07:15:39.534,1.98433,1.98489,2.48,1.73
2012.09.07 07:15:40.791,1.98443,1.98493,1.50,2.48
2012.09.07 07:15:40.920,1.9844,1.98492,1.50,2.01
2012.09.07 07:15:40.990,1.98434,1.98492,1.73,2.01
2012.09.07 07:15:41.861,1.98434,1.98492,2.48,1.50
2012.09.07 07:15:42.280,1.98434,1.98492,2.48,1.50
2012.09.07 07:15:43.501,1.98434,1.98492,1.84,1.73
2012.09.07 07:15:44.770,1.98434,1.98492,1.84,2.48
2012.09.07 07:15:44.901,1.98434,1.98492,1.84,1.73
2012.09.07 07:15:45.041,1.98434,1.98492,2.06,1.50
2012.09.07 07:15:45.782,1.98435,1.98491,2.06,1.50
2012.09.07 07:15:46.851,1.98435,1.98491,2.06,2.25
2012.09.07 07:15:46.980,1.98435,1.98491,1.84,1.73
2012.09.07 07:15:52.030,1.98435,1.98491,2.59,1.73
2012.09.07 07:15:52.100,1.98435,1.98491,2.81,1.50
2012.09.07 07:15:52.465,1.98445,1.98495,1.73,1.50
2012.09.07 07:15:52.686,1.98445,1.98501,1.73,1.73
2012.09.07 07:15:52.762,1.98437,1.98492,1.03,1.50
2012.09.07 07:15:52.982,1.98443,1.98499,1.73,1.73
2012.09.07 07:15:53.371,1.98443,1.98494,2.06,1.50
2012.09.07 07:15:53.820,1.98434,1.9849,2.06,1.50
2012.09.07 07:15:57.079,1.98436,1.9849,1.31,1.50
2012.09.07 07:15:59.240,1.98446,1.98502,2.06,1.73
2012.09.07 07:16:00.170,1.98446,1.98497,2.06,1.50
2012.09.07 07:16:00.510,1.98443,1.98501,1.84,1.73
2012.09.07 07:16:01.211,1.98436,1.98493,2.81,1.73
2012.09.07 07:16:05.672,1.98436,1.98493,2.81,1.73
2012.09.07 07:16:07.715,1.98436,1.98488,2.81,1.50
2012.09.07 07:16:08.052,1.98436,1.98486,1.31,1.50
2012.09.07 07:16:08.531,1.98437,1.98495,2.06,1.73
2012.09.07 07:16:10.712,1.98437,1.98487,2.06,1.50
2012.09.07 07:16:11.041,1.98427,1.98485,2.53,1.50
2012.09.07 07:16:12.767,1.98438,1.98487,1.73,1.50
2012.09.07 07:16:12.900,1.98438,1.98494,1.73,2.48
2012.09.07 07:16:14.000,1.9845,1.98503,1.50,1.26
2012.09.07 07:16:14.440,1.98449,1.98507,1.73,3.23
2012.09.07 07:16:20.325,1.98449,1.98507,2.06,2.01
2012.09.07 07:16:20.660,1.98446,1.98497,1.31,1.50
2012.09.07 07:16:21.051,1.98439,1.98497,2.06,1.50
2012.09.07 07:16:21.383,1.98445,1.98494,1.31,1.50
2012.09.07 07:16:27.902,1.98444,1.98494,1.03,1.50
2012.09.07 07:16:28.153,1.98444,1.98494,1.03,1.50
2012.09.07 07:16:28.222,1.98445,1.98494,1.45,1.50
2012.09.07 07:16:28.501,1.98448,1.98504,2.20,1.50
2012.09.07 07:16:28.991,1.98445,1.98496,2.20,1.50
2012.09.07 07:16:29.581,1.98448,1.98504,2.20,2.25
2012.09.07 07:16:31.331,1.98448,1.98504,2.20,1.50
2012.09.07 07:16:31.673,1.98445,1.98497,1.45,1.50
2012.09.07 07:16:32.551,1.98443,1.98497,1.03,1.50
2012.09.07 07:16:34.360,1.98443,1.98497,1.03,1.50
2012.09.07 07:16:35.011,1.98443,1.98497,1.03,1.50
2012.09.07 07:16:35.214,1.98443,1.98497,1.03,1.50
2012.09.07 07:16:35.654,1.98443,1.98497,1.03,1.50
