2012.10.04 16:00:01.188,1.97335,1.97392,1.73,1.65
2012.10.04 16:00:01.804,1.97344,1.97392,1.13,1.65
2012.10.04 16:00:02.616,1.97344,1.97392,1.13,1.65
2012.10.04 16:00:03.291,1.97344,1.97402,1.13,2.83
2012.10.04 16:00:03.410,1.97344,1.97402,1.13,2.83
2012.10.04 16:00:03.870,1.97344,1.97403,1.35,2.55
2012.10.04 16:00:04.383,1.97344,1.97402,1.35,1.80
2012.10.04 16:00:07.060,1.97341,1.97392,2.48,2.10
2012.10.04 16:00:11.192,1.97341,1.97392,2.48,1.95
2012.10.04 16:00:11.913,1.97341,1.97392,2.25,2.78
2012.10.04 16:00:13.560,1.97341,1.97392,2.48,2.55
2012.10.04 16:00:13.790,1.97341,1.97401,2.48,2.48
2012.10.04 16:00:14.621,1.97341,1.97401,2.48,2.48
2012.10.04 16:00:15.308,1.97341,1.97401,2.48,2.48
2012.10.04 16:00:15.423,1.97341,1.97401,2.48,2.48
2012.10.04 16:00:16.361,1.97341,1.97401,2.48,2.48
2012.10.04 16:00:16.425,1.97341,1.974,2.25,1.41
2012.10.04 16:00:16.871,1.97341,1.97393,2.25,2.03
2012.10.04 16:00:17.051,1.97338,1.97389,1.73,1.50
2012.10.04 16:00:17.282,1.97331,1.97389,2.48,2.25
2012.10.04 16:00:17.401,1.97331,1.97389,2.48,2.48
2012.10.04 16:00:20.490,1.97331,1.97389,2.25,3.02
2012.10.04 16:00:20.610,1.97331,1.97389,1.50,3.02
2012.10.04 16:00:21.922,1.97336,1.97389,1.50,2.27
2012.10.04 16:00:22.041,1.97335,1.97389,1.50,1.73
2012.10.04 16:00:22.481,1.9734,1.97395,1.50,1.43
2012.10.04 16:00:22.761,1.9734,1.97399,1.50,2.97
2012.10.04 16:00:22.881,1.9734,1.97399,2.25,2.97
2012.10.04 16:00:23.101,1.9734,1.97399,2.25,2.48
2012.10.04 16:00:23.280,1.97337,1.97387,1.73,1.50
2012.10.04 16:00:23.410,1.97336,1.97387,1.73,1.50
2012.10.04 16:00:23.471,1.97329,1.97382,1.20,2.55
2012.10.04 16:00:23.708,1.97328,1.97382,2.48,2.03
2012.10.04 16:00:23.891,1.97328,1.97387,2.48,2.48
2012.10.04 16:00:23.950,1.97328,1.97387,2.48,2.48
2012.10.04 16:00:24.170,1.97328,1.97387,2.48,2.48
2012.10.04 16:00:26.986,1.97328,1.97372,2.48,2.03
2012.10.04 16:00:28.722,1.97328,1.97372,2.48,2.03
2012.10.04 16:00:29.241,1.97337,1.97372,1.50,2.03
2012.10.04 16:00:31.692,1.97337,1.97372,2.25,2.03
2012.10.04 16:00:32.131,1.97337,1.97372,1.50,2.03
2012.10.04 16:00:32.191,1.97337,1.97393,1.50,2.85
2012.10.04 16:00:32.291,1.97337,1.97389,1.50,1.61
2012.10.04 16:00:32.721,1.97337,1.97385,2.25,1.32
2012.10.04 16:00:33.000,1.97337,1.97392,2.25,3.00
2012.10.04 16:00:35.656,1.97337,1.97392,2.25,3.00
2012.10.04 16:00:35.982,1.97337,1.97392,2.48,2.78
2012.10.04 16:00:37.126,1.97328,1.97363,2.48,2.40
2012.10.04 16:00:42.483,1.97328,1.97363,2.48,2.40
2012.10.04 16:00:47.050,1.97328,1.97362,2.48,2.48
2012.10.04 16:00:49.186,1.97337,1.97392,2.48,2.10
2012.10.04 16:00:57.015,1.97337,1.97373,2.48,2.10
2012.10.04 16:00:59.000,1.97337,1.97393,2.48,2.78
2012.10.04 16:01:01.124,1.97337,1.97392,2.25,1.54
2012.10.04 16:01:04.210,1.97337,1.97393,2.48,2.78
2012.10.04 16:01:06.318,1.97337,1.97392,2.25,2.33
2012.10.04 16:01:07.627,1.97337,1.97372,2.48,2.48
2012.10.04 16:01:11.590,1.97335,1.97372,2.25,2.48
2012.10.04 16:01:11.772,1.97335,1.97372,2.25,2.48
2012.10.04 16:01:16.401,1.97345,1.9738,1.09,1.73
2012.10.04 16:01:16.799,1.97359,1.9742,2.48,2.48
2012.10.04 16:01:16.860,1.97359,1.9742,2.48,2.48
2012.10.04 16:01:17.021,1.97359,1.9742,2.48,1.73
2012.10.04 16:01:17.711,1.97369,1.9742,1.56,1.50
2012.10.04 16:01:26.010,1.97371,1.97432,2.48,2.48
2012.10.04 16:01:27.120,1.97371,1.97403,2.48,1.50
2012.10.04 16:01:33.732,1.97371,1.97413,2.48,1.58
2012.10.04 16:01:33.790,1.97371,1.97408,2.48,1.50
2012.10.04 16:01:34.280,1.97371,1.97408,2.48,1.50
2012.10.04 16:01:36.534,1.97371,1.97432,2.48,1.73
2012.10.04 16:01:37.150,1.97385,1.97412,2.25,2.18
2012.10.04 16:01:37.682,1.97385,1.97433,2.25,2.93
2012.10.04 16:01:39.550,1.97374,1.97432,2.48,2.63
2012.10.04 16:01:39.610,1.97374,1.97432,2.48,2.63
2012.10.04 16:01:39.670,1.97374,1.97423,2.48,1.73
2012.10.04 16:01:39.730,1.97374,1.97423,2.25,1.95
2012.10.04 16:01:45.650,1.97369,1.97423,1.13,3.45
2012.10.04 16:01:45.771,1.97369,1.97423,1.13,2.48
2012.10.04 16:01:45.891,1.97369,1.97423,1.60,2.25
2012.10.04 16:01:46.052,1.97365,1.97423,3.10,2.25
2012.10.04 16:01:46.400,1.97369,1.97423,1.13,2.48
2012.10.04 16:01:46.716,1.97369,1.97422,1.13,2.78
2012.10.04 16:01:47.060,1.97373,1.97402,2.25,1.58
2012.10.04 16:01:50.131,1.97373,1.97403,2.25,1.58
2012.10.04 16:01:50.211,1.97373,1.9743,2.25,1.25
2012.10.04 16:01:50.331,1.97373,1.97432,2.48,2.33
2012.10.04 16:01:50.561,1.97373,1.97432,2.48,2.33
2012.10.04 16:01:51.997,1.97373,1.97432,2.48,2.33
2012.10.04 16:01:52.392,1.97373,1.97432,2.48,2.03
2012.10.04 16:01:53.888,1.97373,1.97432,2.48,1.80
2012.10.04 16:01:54.131,1.97373,1.97423,2.48,1.95
2012.10.04 16:01:55.310,1.97364,1.97423,1.20,1.95
2012.10.04 16:01:56.625,1.97363,1.97422,2.48,2.48
2012.10.04 16:01:57.150,1.97363,1.97402,2.48,2.78
2012.10.04 16:02:01.030,1.97363,1.97402,2.48,2.78
2012.10.04 16:02:01.475,1.97363,1.97402,2.48,2.78
2012.10.04 16:02:03.127,1.97363,1.97402,2.48,2.78
2012.10.04 16:02:03.235,1.97363,1.97402,2.48,2.78
2012.10.04 16:02:07.074,1.97373,1.97403,2.25,1.88
2012.10.04 16:02:08.407,1.97373,1.97403,2.25,1.88
2012.10.04 16:02:08.532,1.97373,1.97403,2.25,1.88
2012.10.04 16:02:09.122,1.97365,1.97424,1.35,2.25
2012.10.04 16:02:09.280,1.97365,1.97424,1.35,2.25
2012.10.04 16:02:12.642,1.97373,1.97434,2.48,1.73
2012.10.04 16:02:15.150,1.97371,1.97423,2.48,1.50
2012.10.04 16:02:15.493,1.97365,1.97422,1.35,1.95
2012.10.04 16:02:17.551,1.97365,1.97402,1.35,1.65
2012.10.04 16:02:20.861,1.97365,1.97412,1.35,2.10
2012.10.04 16:02:21.100,1.97376,1.97412,1.54,2.10
2012.10.04 16:02:21.161,1.97376,1.97408,1.54,1.65
2012.10.04 16:02:21.221,1.97376,1.97423,1.54,1.50
2012.10.04 16:02:21.281,1.97375,1.97434,2.48,2.48
2012.10.04 16:02:27.526,1.97375,1.97403,2.48,2.18
2012.10.04 16:02:33.606,1.97375,1.97403,2.48,1.43
2012.10.04 16:02:33.732,1.97375,1.97403,2.48,1.43
2012.10.04 16:02:33.852,1.97375,1.97403,2.48,1.43
2012.10.04 16:02:33.972,1.97372,1.97417,1.35,2.25
2012.10.04 16:02:34.031,1.97372,1.97417,1.13,2.25
2012.10.04 16:02:34.161,1.97359,1.97412,2.48,2.03
2012.10.04 16:02:34.220,1.97359,1.97412,2.25,2.03
2012.10.04 16:02:34.731,1.97359,1.97412,1.50,2.03
2012.10.04 16:02:37.139,1.97359,1.97393,1.50,2.93
2012.10.04 16:02:40.259,1.97359,1.97417,2.25,2.25
2012.10.04 16:02:40.794,1.97359,1.97417,2.25,2.25
2012.10.04 16:02:40.859,1.97359,1.97417,2.25,2.25
2012.10.04 16:02:41.080,1.97359,1.97417,2.25,2.25
2012.10.04 16:02:47.094,1.97359,1.97393,2.25,2.55
2012.10.04 16:02:47.576,1.97359,1.97393,2.25,2.55
2012.10.04 16:02:47.686,1.97359,1.97393,2.25,2.55
2012.10.04 16:02:47.809,1.97359,1.97393,2.25,2.55
2012.10.04 16:02:48.041,1.9736,1.97397,1.13,2.55
2012.10.04 16:02:48.100,1.9736,1.97417,1.13,2.25
2012.10.04 16:02:48.220,1.97367,1.9742,2.25,1.50
2012.10.04 16:02:48.279,1.9737,1.97429,2.25,2.25
2012.10.04 16:02:48.399,1.9737,1.97429,2.48,2.48
2012.10.04 16:02:48.520,1.97382,1.97441,2.48,2.48
2012.10.04 16:02:49.264,1.97382,1.97441,2.48,2.48
2012.10.04 16:02:49.504,1.97382,1.97441,2.48,2.48
2012.10.04 16:02:50.935,1.97382,1.97433,2.48,2.48
2012.10.04 16:02:51.749,1.97372,1.97424,1.29,2.25
2012.10.04 16:02:52.462,1.97372,1.97424,1.29,2.25
2012.10.04 16:02:53.138,1.97372,1.97424,1.29,2.25
2012.10.04 16:02:57.419,1.97371,1.97424,1.54,2.25
2012.10.04 16:02:57.479,1.97367,1.97424,1.35,2.25
2012.10.04 16:02:57.573,1.97367,1.97412,1.35,2.63
2012.10.04 16:02:58.569,1.97367,1.97412,1.35,2.63
2012.10.04 16:02:58.810,1.97376,1.97424,1.83,1.50
2012.10.04 16:02:58.940,1.97376,1.97436,1.35,2.48
2012.10.04 16:02:59.089,1.97376,1.97432,1.35,2.70
2012.10.04 16:02:59.149,1.97376,1.97432,1.35,2.70
2012.10.04 16:02:59.269,1.97376,1.97433,1.13,2.70
2012.10.04 16:02:59.950,1.97376,1.97432,1.13,3.15
2012.10.04 16:03:01.538,1.97376,1.97432,1.13,3.15
2012.10.04 16:03:02.479,1.97376,1.97433,1.13,2.85
2012.10.04 16:03:05.152,1.97376,1.97432,1.13,3.08
2012.10.04 16:03:07.048,1.97376,1.97402,1.13,1.58
2012.10.04 16:03:07.627,1.97376,1.97402,1.13,1.58
2012.10.04 16:03:12.254,1.97376,1.97402,1.13,1.58
2012.10.04 16:03:12.319,1.97376,1.97407,1.13,1.58
2012.10.04 16:03:13.070,1.97375,1.97436,2.48,2.48
2012.10.04 16:03:13.415,1.97375,1.97436,2.48,1.73
2012.10.04 16:03:13.851,1.97375,1.97436,2.25,2.48
2012.10.04 16:03:14.432,1.97375,1.97436,2.88,1.50
2012.10.04 16:03:15.429,1.97375,1.97433,2.25,1.88
2012.10.04 16:03:17.554,1.97375,1.97412,2.25,2.78
2012.10.04 16:03:18.580,1.97375,1.97433,2.48,2.10
2012.10.04 16:03:18.639,1.97375,1.97433,2.48,2.10
2012.10.04 16:03:18.760,1.97375,1.97433,2.48,2.10
2012.10.04 16:03:18.970,1.97373,1.97433,2.48,3.60
2012.10.04 16:03:19.499,1.97383,1.97442,2.48,2.48
2012.10.04 16:03:20.374,1.97391,1.97442,1.43,4.05
2012.10.04 16:03:21.849,1.97383,1.97442,2.48,2.25
2012.10.04 16:03:23.421,1.97383,1.97442,2.48,3.23
2012.10.04 16:03:27.000,1.97394,1.97443,2.25,2.85
2012.10.04 16:03:27.231,1.97394,1.97452,2.25,2.19
2012.10.04 16:03:27.289,1.97394,1.97452,2.48,1.88
2012.10.04 16:03:27.465,1.97394,1.97453,2.48,4.05
2012.10.04 16:03:28.409,1.97394,1.97452,2.48,2.70
2012.10.04 16:03:28.702,1.97394,1.97449,1.50,1.34
2012.10.04 16:03:28.820,1.97394,1.97442,1.50,1.32
2012.10.04 16:03:29.068,1.97385,1.97441,1.50,1.73
2012.10.04 16:03:29.283,1.97391,1.97442,1.50,1.32
2012.10.04 16:03:30.519,1.97389,1.97442,1.50,3.87
2012.10.04 16:03:31.005,1.97386,1.97442,1.50,2.82
2012.10.04 16:03:31.643,1.97381,1.97442,2.25,3.22
2012.10.04 16:03:32.150,1.97381,1.97432,1.50,1.23
2012.10.04 16:03:32.389,1.97387,1.97442,1.50,2.47
2012.10.04 16:03:32.449,1.97387,1.97442,1.50,1.73
2012.10.04 16:03:34.250,1.97381,1.97442,2.25,4.50
2012.10.04 16:03:34.830,1.97381,1.97442,2.25,4.50
2012.10.04 16:03:35.189,1.97381,1.97442,2.25,4.50
2012.10.04 16:03:35.868,1.9737,1.97431,2.48,1.50
2012.10.04 16:03:35.930,1.97375,1.97431,1.50,2.36
2012.10.04 16:03:37.019,1.9738,1.97432,1.50,1.61
2012.10.04 16:03:41.042,1.9738,1.9743,1.50,1.29
2012.10.04 16:03:41.259,1.97375,1.9743,1.50,2.79
2012.10.04 16:03:41.580,1.9738,1.9743,2.25,1.29
2012.10.04 16:03:41.640,1.9738,1.97438,2.25,1.41
2012.10.04 16:03:41.772,1.9738,1.97438,1.50,1.41
2012.10.04 16:03:41.861,1.9738,1.97438,2.25,1.41
2012.10.04 16:03:42.203,1.97391,1.97441,1.50,1.24
2012.10.04 16:03:47.180,1.97391,1.97432,1.50,1.27
2012.10.04 16:03:49.779,1.97381,1.97432,2.25,1.27
2012.10.04 16:03:54.370,1.9737,1.97431,2.25,2.02
2012.10.04 16:03:54.489,1.9737,1.97431,2.25,2.13
2012.10.04 16:03:58.100,1.9737,1.97422,2.25,1.38
2012.10.04 16:03:58.310,1.9737,1.97431,2.48,2.48
2012.10.04 16:03:58.569,1.9737,1.97431,2.48,1.73
2012.10.04 16:03:58.667,1.9737,1.97431,2.48,2.48
2012.10.04 16:03:58.789,1.9737,1.97431,2.48,1.73
2012.10.04 16:03:59.091,1.9737,1.97431,2.48,1.73
2012.10.04 16:03:59.460,1.97383,1.97413,1.50,1.58
2012.10.04 16:03:59.522,1.97383,1.97404,1.50,1.50
2012.10.04 16:03:59.579,1.97367,1.97404,2.25,1.50
2012.10.04 16:03:59.699,1.97376,1.97412,1.13,1.50
2012.10.04 16:03:59.759,1.97379,1.97422,2.25,2.48
2012.10.04 16:03:59.819,1.97379,1.97429,2.25,1.61
2012.10.04 16:04:03.514,1.97379,1.97429,2.25,1.61
2012.10.04 16:04:03.691,1.97379,1.97429,1.50,1.61
2012.10.04 16:04:03.812,1.97379,1.97423,1.50,1.36
2012.10.04 16:04:04.000,1.97379,1.9743,1.50,1.54
2012.10.04 16:04:04.124,1.97379,1.9743,2.25,1.54
2012.10.04 16:04:07.031,1.97385,1.97437,1.50,2.29
2012.10.04 16:04:14.679,1.97387,1.97437,2.03,2.29
2012.10.04 16:04:15.359,1.97388,1.97437,2.85,2.29
2012.10.04 16:04:15.430,1.97385,1.97437,1.50,2.29
2012.10.04 16:04:15.542,1.97387,1.97437,2.70,2.29
2012.10.04 16:04:17.103,1.97379,1.9743,2.25,1.54
2012.10.04 16:04:18.919,1.97379,1.9743,1.50,1.54
2012.10.04 16:04:19.387,1.97369,1.97428,2.63,2.48
2012.10.04 16:04:19.453,1.97369,1.97423,2.63,1.59
2012.10.04 16:04:19.876,1.97369,1.97423,2.63,1.59
2012.10.04 16:04:20.981,1.97369,1.97423,2.25,1.59
2012.10.04 16:04:21.530,1.97369,1.97416,2.63,1.32
2012.10.04 16:04:21.589,1.97369,1.97416,1.88,1.32
2012.10.04 16:04:23.125,1.97368,1.97416,1.50,1.32
2012.10.04 16:04:23.190,1.97358,1.97416,2.25,1.32
2012.10.04 16:04:25.597,1.9736,1.97416,1.13,1.32
2012.10.04 16:04:25.839,1.97367,1.97421,2.63,1.20
2012.10.04 16:04:27.062,1.97367,1.97412,2.63,1.88
2012.10.04 16:04:28.568,1.97367,1.97412,2.63,1.88
2012.10.04 16:04:28.629,1.97372,1.97421,1.13,1.20
2012.10.04 16:04:28.689,1.97372,1.97423,1.13,2.85
2012.10.04 16:04:29.290,1.97372,1.97423,1.13,2.85
2012.10.04 16:04:31.990,1.97367,1.97423,2.25,3.08
2012.10.04 16:04:32.091,1.97367,1.97423,2.25,3.08
2012.10.04 16:04:32.417,1.97367,1.97423,2.25,3.08
2012.10.04 16:04:32.679,1.97358,1.97417,2.48,2.48
2012.10.04 16:04:33.210,1.97358,1.97417,2.48,2.48
2012.10.04 16:04:34.100,1.97358,1.97417,2.48,2.48
2012.10.04 16:04:34.219,1.97358,1.97417,2.48,2.48
2012.10.04 16:04:34.589,1.97358,1.97414,2.25,1.29
2012.10.04 16:04:34.649,1.97358,1.97414,2.25,1.29
2012.10.04 16:04:35.167,1.97358,1.97414,2.25,1.29
2012.10.04 16:04:35.832,1.97358,1.97414,2.25,1.29
2012.10.04 16:04:37.070,1.97358,1.97413,2.25,2.48
2012.10.04 16:04:37.480,1.97358,1.97413,2.25,2.48
2012.10.04 16:04:37.600,1.97347,1.97408,3.23,2.48
2012.10.04 16:04:37.899,1.97347,1.97405,3.00,1.45
2012.10.04 16:04:37.960,1.97347,1.97408,3.23,2.48
2012.10.04 16:04:38.139,1.97347,1.97408,3.23,2.48
2012.10.04 16:04:40.145,1.97357,1.97413,2.25,2.76
2012.10.04 16:04:40.260,1.97358,1.97415,1.50,1.45
2012.10.04 16:04:40.381,1.97358,1.97418,1.73,2.48
2012.10.04 16:04:40.582,1.97358,1.97418,1.73,2.48
2012.10.04 16:04:41.889,1.97367,1.97422,2.48,2.18
2012.10.04 16:04:42.487,1.97367,1.97423,2.48,2.40
2012.10.04 16:04:42.549,1.97367,1.97419,2.25,1.47
2012.10.04 16:04:43.800,1.97367,1.97419,2.25,1.47
2012.10.04 16:04:43.960,1.97367,1.97421,2.25,1.47
2012.10.04 16:04:44.556,1.97358,1.97417,2.48,2.48
2012.10.04 16:04:44.679,1.97358,1.97413,2.48,2.48
2012.10.04 16:04:45.090,1.97349,1.97397,2.25,1.38
2012.10.04 16:04:45.273,1.97349,1.97407,2.25,2.48
2012.10.04 16:04:45.391,1.97349,1.97407,2.25,2.48
2012.10.04 16:04:45.511,1.97349,1.97407,2.25,2.48
2012.10.04 16:04:45.571,1.97349,1.97402,2.25,1.63
2012.10.04 16:04:45.821,1.97348,1.97397,1.50,1.50
2012.10.04 16:04:46.051,1.97348,1.974,3.00,1.50
2012.10.04 16:04:46.113,1.97348,1.97408,3.00,2.25
2012.10.04 16:04:46.430,1.97348,1.97405,3.00,1.23
2012.10.04 16:04:47.597,1.97348,1.97405,2.25,1.23
2012.10.04 16:04:47.721,1.97348,1.97408,2.25,2.95
2012.10.04 16:04:47.851,1.97348,1.97405,2.25,1.52
2012.10.04 16:04:48.154,1.97348,1.97405,2.25,1.52
2012.10.04 16:04:48.367,1.97348,1.97405,2.25,1.52
2012.10.04 16:04:48.529,1.97348,1.97405,2.25,1.52
2012.10.04 16:04:48.650,1.97348,1.97406,2.25,1.34
2012.10.04 16:04:48.769,1.97348,1.97408,2.25,2.25
2012.10.04 16:04:48.829,1.97348,1.97408,2.25,2.25
2012.10.04 16:04:49.030,1.97348,1.97405,2.25,1.61
2012.10.04 16:04:49.410,1.97348,1.97408,2.25,2.25
2012.10.04 16:04:50.129,1.97348,1.97408,2.25,2.25
2012.10.04 16:04:50.939,1.97359,1.97411,2.25,1.50
2012.10.04 16:04:51.423,1.97359,1.97403,1.50,1.63
2012.10.04 16:04:51.623,1.97359,1.97406,1.50,1.36
2012.10.04 16:04:52.429,1.97348,1.97406,2.25,1.36
2012.10.04 16:04:52.732,1.97348,1.97403,2.25,1.34
2012.10.04 16:04:53.089,1.97337,1.97384,1.88,1.73
2012.10.04 16:04:53.149,1.97337,1.97384,1.50,1.73
2012.10.04 16:04:53.209,1.97324,1.97384,2.48,1.73
2012.10.04 16:04:53.329,1.97324,1.9738,2.25,1.17
2012.10.04 16:04:53.640,1.97324,1.97373,2.25,1.52
2012.10.04 16:04:53.760,1.97324,1.97383,2.25,1.56
2012.10.04 16:04:54.076,1.97324,1.97383,2.25,1.56
2012.10.04 16:04:54.139,1.97324,1.9738,2.25,1.20
2012.10.04 16:04:54.499,1.97317,1.97373,1.50,1.04
2012.10.04 16:04:56.259,1.97317,1.97373,1.50,1.36
2012.10.04 16:04:56.529,1.97315,1.97373,2.25,2.10
2012.10.04 16:04:56.613,1.97315,1.97373,2.25,2.10
2012.10.04 16:04:56.730,1.97315,1.97367,2.25,1.49
2012.10.04 16:04:56.850,1.97304,1.97363,1.50,3.13
2012.10.04 16:04:56.973,1.97304,1.97353,1.50,1.23
2012.10.04 16:04:57.149,1.97304,1.97362,1.50,1.50
2012.10.04 16:04:57.439,1.97304,1.97362,2.25,1.50
2012.10.04 16:04:57.720,1.97304,1.97362,2.25,1.34
2012.10.04 16:04:59.149,1.97304,1.97363,1.50,2.84
2012.10.04 16:04:59.330,1.97304,1.97353,1.50,1.43
2012.10.04 16:04:59.584,1.97301,1.97353,1.50,2.93
2012.10.04 16:04:59.700,1.97304,1.97353,1.50,1.43
2012.10.04 16:04:59.939,1.97301,1.97353,1.50,2.93
2012.10.04 16:04:59.999,1.97295,1.97346,2.25,1.15
2012.10.04 16:05:00.239,1.97298,1.97353,1.50,1.73
2012.10.04 16:05:00.299,1.97306,1.97353,1.50,1.73
2012.10.04 16:05:00.659,1.97295,1.97352,3.00,1.29
2012.10.04 16:05:02.117,1.97298,1.97352,1.50,1.29
2012.10.04 16:05:02.282,1.97298,1.97352,1.50,1.41
2012.10.04 16:05:02.828,1.97298,1.97352,1.50,1.29
2012.10.04 16:05:02.934,1.97298,1.97352,1.50,1.34
2012.10.04 16:05:03.278,1.97298,1.97352,1.50,1.41
2012.10.04 16:05:03.383,1.97298,1.97352,1.50,1.43
2012.10.04 16:05:08.586,1.97298,1.97352,1.50,1.43
2012.10.04 16:05:08.829,1.97298,1.97353,1.50,2.48
2012.10.04 16:05:13.440,1.97307,1.97353,1.50,1.73
2012.10.04 16:05:13.620,1.97317,1.97363,1.50,1.27
2012.10.04 16:05:13.938,1.97317,1.97373,2.25,1.34
2012.10.04 16:05:13.999,1.97317,1.97373,3.00,1.61
2012.10.04 16:05:14.119,1.97317,1.9737,1.50,1.61
2012.10.04 16:05:14.239,1.97317,1.97362,1.50,1.27
2012.10.04 16:05:16.220,1.97317,1.97362,1.50,1.61
2012.10.04 16:05:16.412,1.97317,1.97362,1.50,1.29
2012.10.04 16:05:16.670,1.97317,1.97362,2.25,1.29
2012.10.04 16:05:16.858,1.97317,1.97366,2.25,1.32
2012.10.04 16:05:17.060,1.97317,1.97363,2.25,3.08
2012.10.04 16:05:17.745,1.97317,1.97362,2.25,1.27
2012.10.04 16:05:18.149,1.97317,1.97365,2.25,1.25
2012.10.04 16:05:18.957,1.97317,1.97363,2.25,1.23
2012.10.04 16:05:21.917,1.97317,1.97366,2.25,1.36
2012.10.04 16:05:22.261,1.97317,1.97363,2.25,1.43
2012.10.04 16:05:22.338,1.97317,1.97363,1.50,1.43
2012.10.04 16:05:22.555,1.97317,1.97363,2.25,1.43
2012.10.04 16:05:23.586,1.97317,1.9737,2.25,1.45
2012.10.04 16:05:24.009,1.97317,1.97362,2.25,1.27
2012.10.04 16:05:25.017,1.97317,1.97365,2.25,1.27
2012.10.04 16:05:25.409,1.97317,1.97369,2.25,1.20
2012.10.04 16:05:25.573,1.97317,1.97365,2.25,1.59
2012.10.04 16:05:25.682,1.97317,1.97369,2.25,1.50
2012.10.04 16:05:25.806,1.97317,1.97362,2.25,1.20
2012.10.04 16:05:25.925,1.97317,1.97364,2.25,1.20
2012.10.04 16:05:26.045,1.97317,1.97362,2.25,1.32
2012.10.04 16:05:26.356,1.97317,1.97364,2.25,1.47
2012.10.04 16:05:26.974,1.97317,1.97362,2.25,2.55
2012.10.04 16:05:27.400,1.97317,1.97362,1.50,2.55
2012.10.04 16:05:27.579,1.97317,1.97359,1.50,1.54
2012.10.04 16:05:27.841,1.97317,1.97362,1.50,2.25
2012.10.04 16:05:28.270,1.97317,1.97359,1.50,1.56
2012.10.04 16:05:30.208,1.97317,1.97359,2.25,1.56
2012.10.04 16:05:30.270,1.97317,1.97363,2.25,2.70
2012.10.04 16:05:30.389,1.97317,1.97363,1.50,2.70
2012.10.04 16:05:30.449,1.97317,1.97359,1.50,1.38
2012.10.04 16:05:30.699,1.97317,1.97372,2.25,2.33
2012.10.04 16:05:30.819,1.97317,1.97372,1.50,2.33
2012.10.04 16:05:30.949,1.97317,1.97372,2.25,1.88
2012.10.04 16:05:31.251,1.97314,1.97362,2.25,1.88
2012.10.04 16:05:31.561,1.97307,1.97354,2.25,1.54
2012.10.04 16:05:31.680,1.97307,1.97357,2.25,1.63
2012.10.04 16:05:36.007,1.97307,1.9736,2.25,1.32
2012.10.04 16:05:36.321,1.97307,1.97357,2.25,1.41
2012.10.04 16:05:37.069,1.97307,1.97352,2.25,1.80
2012.10.04 16:05:39.039,1.97307,1.97359,2.25,1.56
2012.10.04 16:05:39.810,1.97307,1.97358,2.25,1.38
2012.10.04 16:05:45.556,1.97307,1.97358,2.25,1.38
2012.10.04 16:05:45.679,1.97307,1.97362,2.25,2.18
2012.10.04 16:05:45.900,1.97307,1.97357,2.25,1.52
2012.10.04 16:05:46.080,1.97307,1.97363,2.25,1.52
2012.10.04 16:05:47.103,1.97315,1.97366,1.50,2.27
2012.10.04 16:05:47.160,1.97315,1.97366,1.50,2.20
2012.10.04 16:05:47.340,1.97316,1.97366,1.50,2.02
2012.10.04 16:05:48.200,1.97318,1.97372,1.50,1.41
2012.10.04 16:05:48.380,1.97316,1.97372,3.00,1.41
2012.10.04 16:05:48.629,1.97318,1.97372,1.50,1.41
2012.10.04 16:05:48.810,1.97325,1.97376,1.50,2.27
2012.10.04 16:05:48.989,1.97326,1.97382,1.50,1.52
2012.10.04 16:05:49.169,1.97326,1.97382,1.50,1.70
2012.10.04 16:05:49.620,1.97317,1.97372,1.13,1.25
2012.10.04 16:05:49.680,1.97316,1.97369,1.50,1.24
2012.10.04 16:05:50.040,1.97317,1.97374,1.50,2.88
2012.10.04 16:05:50.159,1.97315,1.97372,3.00,1.59
2012.10.04 16:05:50.285,1.97315,1.97367,3.00,1.15
2012.10.04 16:05:50.888,1.97315,1.97364,3.00,1.24
2012.10.04 16:05:51.478,1.97315,1.97364,3.00,1.24
2012.10.04 16:05:51.677,1.97315,1.97373,3.00,1.54
2012.10.04 16:05:54.971,1.97317,1.97373,1.50,1.54
2012.10.04 16:05:55.090,1.97316,1.97373,1.50,1.34
2012.10.04 16:05:55.270,1.97316,1.97368,1.50,1.20
2012.10.04 16:05:56.912,1.97316,1.97372,1.50,1.88
2012.10.04 16:05:57.161,1.97316,1.97372,1.50,1.59
2012.10.04 16:05:57.470,1.97317,1.97373,1.50,1.59
2012.10.04 16:06:02.338,1.97315,1.97373,2.25,1.59
2012.10.04 16:06:02.467,1.97307,1.97362,1.73,2.43
2012.10.04 16:06:02.849,1.97306,1.97362,1.50,2.43
2012.10.04 16:06:03.189,1.97303,1.97353,2.25,1.32
2012.10.04 16:06:03.250,1.97303,1.9735,2.25,1.44
2012.10.04 16:06:03.604,1.97303,1.9735,2.25,1.44
2012.10.04 16:06:03.660,1.97303,1.97353,2.25,1.61
2012.10.04 16:06:03.720,1.97296,1.9735,1.50,1.73
2012.10.04 16:06:03.780,1.97296,1.97349,1.50,1.02
2012.10.04 16:06:03.841,1.97291,1.97349,2.25,1.35
2012.10.04 16:06:03.901,1.97287,1.9734,2.25,2.19
2012.10.04 16:06:04.020,1.9728,1.9734,2.25,2.50
2012.10.04 16:06:04.260,1.97285,1.9734,1.50,1.89
2012.10.04 16:06:04.560,1.9728,1.9734,2.25,2.07
2012.10.04 16:06:05.943,1.97278,1.97331,1.50,2.41
2012.10.04 16:06:09.333,1.97276,1.97332,1.50,2.11
2012.10.04 16:06:09.506,1.97277,1.97332,1.50,2.11
2012.10.04 16:06:10.286,1.97277,1.97332,1.50,2.19
2012.10.04 16:06:10.625,1.97285,1.97332,1.50,2.19
2012.10.04 16:06:10.811,1.97286,1.97343,2.25,1.67
2012.10.04 16:06:10.941,1.97287,1.97343,1.50,1.67
2012.10.04 16:06:11.007,1.97287,1.97343,1.50,1.44
2012.10.04 16:06:11.132,1.97287,1.97343,1.50,1.44
2012.10.04 16:06:11.250,1.97287,1.97343,1.50,1.23
2012.10.04 16:06:11.369,1.97286,1.97343,2.25,1.57
2012.10.04 16:06:11.489,1.97295,1.97333,1.50,2.07
2012.10.04 16:06:11.670,1.97282,1.97332,1.50,1.51
2012.10.04 16:06:11.987,1.97269,1.97323,2.25,1.51
2012.10.04 16:06:12.051,1.97269,1.97323,2.25,1.51
2012.10.04 16:06:12.350,1.9728,1.97338,2.25,2.48
2012.10.04 16:06:12.411,1.9728,1.97338,1.50,2.48
2012.10.04 16:06:12.469,1.9728,1.97334,1.50,1.56
2012.10.04 16:06:13.032,1.9728,1.97332,1.50,1.25
2012.10.04 16:06:13.329,1.97275,1.97328,1.50,2.18
2012.10.04 16:06:13.696,1.97268,1.97306,1.73,1.50
2012.10.04 16:06:14.033,1.97267,1.97295,1.73,1.31
2012.10.04 16:06:14.090,1.97265,1.97295,1.50,1.31
2012.10.04 16:06:14.209,1.97244,1.97292,2.25,1.41
2012.10.04 16:06:14.330,1.97239,1.97292,1.50,1.41
2012.10.04 16:06:14.452,1.97239,1.97292,1.50,1.61
2012.10.04 16:06:14.820,1.97224,1.97283,2.25,3.11
2012.10.04 16:06:15.648,1.97234,1.97283,2.25,1.54
2012.10.04 16:06:16.190,1.97234,1.97283,2.25,1.61
2012.10.04 16:06:16.676,1.97225,1.97282,1.50,1.61
2012.10.04 16:06:17.080,1.97214,1.97272,2.48,2.48
2012.10.04 16:06:17.150,1.97211,1.97272,2.25,3.24
2012.10.04 16:06:18.157,1.97211,1.97272,2.25,2.84
2012.10.04 16:06:18.341,1.97211,1.97264,2.25,1.26
2012.10.04 16:06:18.689,1.97206,1.97262,1.50,2.11
2012.10.04 16:06:18.895,1.97215,1.97264,2.25,1.26
2012.10.04 16:06:18.959,1.97215,1.97269,2.25,1.13
2012.10.04 16:06:19.021,1.97215,1.97264,2.25,1.06
2012.10.04 16:06:19.290,1.97207,1.97264,1.50,1.73
2012.10.04 16:06:19.417,1.97205,1.97264,2.25,1.73
2012.10.04 16:06:19.650,1.97205,1.97264,1.50,2.82
2012.10.04 16:06:19.710,1.97202,1.97243,1.50,1.50
2012.10.04 16:06:19.892,1.97186,1.97243,1.50,2.04
2012.10.04 16:06:19.950,1.97193,1.97244,1.50,1.29
2012.10.04 16:06:20.305,1.97186,1.97236,1.50,1.11
2012.10.04 16:06:20.814,1.97192,1.97244,1.50,1.61
2012.10.04 16:06:21.131,1.97186,1.97236,1.50,1.11
2012.10.04 16:06:21.789,1.97191,1.97236,1.50,1.11
2012.10.04 16:06:22.530,1.97191,1.9723,1.50,1.35
2012.10.04 16:06:22.773,1.97198,1.97251,1.50,2.13
2012.10.04 16:06:23.042,1.97196,1.97251,1.50,2.13
2012.10.04 16:06:23.100,1.97203,1.97254,1.50,1.72
2012.10.04 16:06:23.501,1.97203,1.97261,2.25,2.47
2012.10.04 16:06:23.812,1.97203,1.97261,2.25,2.18
2012.10.04 16:06:23.901,1.97203,1.97261,2.25,2.18
2012.10.04 16:06:24.040,1.97203,1.97261,2.25,2.07
2012.10.04 16:06:25.451,1.97203,1.97261,2.25,2.07
2012.10.04 16:06:25.571,1.97203,1.97261,2.25,1.73
2012.10.04 16:06:25.753,1.97203,1.97261,2.25,1.73
2012.10.04 16:06:25.930,1.97215,1.97264,2.25,2.48
2012.10.04 16:06:26.426,1.97215,1.97273,2.25,1.25
2012.10.04 16:06:27.859,1.97215,1.97272,2.25,1.26
2012.10.04 16:06:28.329,1.97205,1.97263,1.50,2.16
2012.10.04 16:06:28.450,1.97205,1.9726,1.50,1.06
2012.10.04 16:06:28.880,1.97208,1.9726,1.50,1.06
2012.10.04 16:06:29.429,1.97204,1.9726,2.25,1.06
2012.10.04 16:06:29.550,1.97204,1.97263,2.25,1.73
2012.10.04 16:06:29.754,1.97204,1.97253,1.50,1.20
2012.10.04 16:06:29.929,1.97196,1.97253,1.13,2.70
2012.10.04 16:06:29.989,1.97196,1.97253,1.13,1.95
2012.10.04 16:06:31.560,1.97195,1.97253,1.50,1.73
2012.10.04 16:06:31.679,1.97198,1.97253,2.85,1.73
2012.10.04 16:06:31.989,1.97208,1.97253,1.50,1.95
2012.10.04 16:06:32.290,1.97208,1.97264,1.50,2.38
2012.10.04 16:06:32.410,1.97225,1.97272,2.25,1.70
2012.10.04 16:06:32.542,1.97225,1.97277,3.00,1.17
2012.10.04 16:06:33.828,1.97225,1.97281,3.00,1.10
2012.10.04 16:06:35.000,1.97208,1.97269,1.73,2.40
2012.10.04 16:06:35.164,1.97208,1.97269,2.48,1.65
2012.10.04 16:06:35.520,1.97226,1.97273,2.25,1.48
2012.10.04 16:06:35.581,1.97237,1.97283,1.50,2.48
2012.10.04 16:06:35.900,1.97238,1.97294,1.50,1.52
2012.10.04 16:06:36.639,1.97237,1.97287,2.63,2.03
2012.10.04 16:06:37.012,1.97237,1.97287,2.63,1.73
2012.10.04 16:06:37.071,1.97247,1.97287,2.85,1.73
2012.10.04 16:06:37.250,1.97238,1.97287,2.93,1.73
2012.10.04 16:06:37.512,1.97237,1.97287,1.65,2.25
2012.10.04 16:06:37.919,1.97237,1.97285,1.65,1.39
2012.10.04 16:06:38.040,1.97237,1.97284,1.65,2.21
2012.10.04 16:06:38.122,1.97228,1.97284,2.40,2.21
2012.10.04 16:06:38.240,1.97228,1.97282,2.40,1.06
2012.10.04 16:06:38.714,1.97228,1.97287,2.48,2.37
2012.10.04 16:06:39.480,1.97237,1.97287,2.33,1.73
2012.10.04 16:06:40.859,1.97237,1.97287,2.33,1.73
2012.10.04 16:06:45.743,1.97247,1.97295,1.50,2.09
2012.10.04 16:06:45.980,1.97255,1.97305,1.50,2.22
2012.10.04 16:06:46.956,1.97247,1.97305,2.85,2.88
2012.10.04 16:06:47.318,1.97257,1.97305,1.73,2.88
2012.10.04 16:06:48.121,1.97247,1.97305,1.88,1.38
2012.10.04 16:06:48.322,1.97247,1.97298,1.50,1.38
2012.10.04 16:06:48.610,1.97236,1.97255,1.50,1.23
2012.10.04 16:06:48.790,1.97236,1.97263,1.50,1.51
2012.10.04 16:06:48.971,1.97208,1.97263,1.50,1.51
2012.10.04 16:06:49.030,1.97208,1.97266,1.50,1.98
2012.10.04 16:06:49.150,1.97208,1.97266,1.50,2.20
2012.10.04 16:06:49.270,1.97208,1.97261,1.50,1.29
2012.10.04 16:06:50.218,1.97208,1.97254,1.50,1.23
2012.10.04 16:06:50.659,1.97205,1.97255,1.50,1.23
2012.10.04 16:06:50.719,1.97198,1.97255,1.50,1.23
2012.10.04 16:06:50.779,1.97198,1.97255,3.45,1.23
2012.10.04 16:06:52.050,1.97187,1.97246,4.13,1.31
2012.10.04 16:06:52.250,1.97196,1.97248,1.50,1.73
2012.10.04 16:06:52.488,1.97198,1.97252,2.25,1.02
2012.10.04 16:06:54.569,1.97198,1.97252,3.53,1.02
2012.10.04 16:06:54.810,1.97206,1.97257,1.50,1.98
2012.10.04 16:06:55.210,1.97198,1.97248,3.53,1.22
2012.10.04 16:06:55.390,1.97198,1.97248,2.25,1.22
2012.10.04 16:06:55.580,1.97196,1.97246,1.50,1.73
2012.10.04 16:06:56.030,1.97196,1.97246,1.50,1.73
2012.10.04 16:06:56.460,1.97197,1.97254,4.28,1.38
2012.10.04 16:06:58.441,1.97197,1.97254,3.83,1.54
2012.10.04 16:06:58.572,1.97197,1.97254,3.83,1.25
2012.10.04 16:06:59.280,1.97197,1.97254,2.25,1.25
2012.10.04 16:06:59.730,1.97186,1.97245,2.25,1.73
2012.10.04 16:06:59.789,1.97185,1.97233,1.50,1.73
2012.10.04 16:07:00.652,1.97195,1.97245,1.50,2.29
2012.10.04 16:07:00.890,1.97195,1.97245,1.50,1.73
2012.10.04 16:07:01.140,1.97196,1.97253,2.25,1.29
2012.10.04 16:07:02.074,1.97196,1.97254,2.25,2.04
2012.10.04 16:07:02.210,1.97196,1.9725,2.25,1.17
2012.10.04 16:07:03.706,1.97196,1.97253,2.25,1.13
2012.10.04 16:07:03.870,1.97196,1.97254,2.25,2.43
2012.10.04 16:07:06.130,1.97187,1.9723,2.18,1.50
2012.10.04 16:07:07.019,1.97188,1.9723,2.33,1.50
2012.10.04 16:07:09.768,1.97186,1.9723,1.50,1.50
2012.10.04 16:07:10.100,1.97181,1.9724,2.48,2.48
2012.10.04 16:07:10.159,1.97185,1.9724,1.50,2.11
2012.10.04 16:07:10.243,1.97185,1.9724,1.50,1.73
2012.10.04 16:07:11.566,1.97185,1.9724,1.50,1.73
2012.10.04 16:07:11.694,1.97188,1.9724,1.73,1.73
2012.10.04 16:07:11.930,1.97181,1.9724,1.50,1.73
2012.10.04 16:07:12.365,1.97181,1.9724,2.25,1.73
2012.10.04 16:07:12.420,1.97181,1.9724,2.25,1.73
2012.10.04 16:07:12.783,1.97186,1.9724,1.50,1.50
2012.10.04 16:07:12.903,1.97188,1.9724,1.95,1.50
2012.10.04 16:07:13.401,1.97191,1.9725,2.25,1.73
2012.10.04 16:07:13.471,1.97188,1.97241,1.95,1.50
2012.10.04 16:07:13.870,1.97181,1.97241,2.63,2.31
2012.10.04 16:07:14.181,1.97186,1.97241,1.50,2.31
2012.10.04 16:07:14.519,1.97188,1.97241,1.73,1.73
2012.10.04 16:07:14.639,1.97185,1.97241,1.73,1.73
2012.10.04 16:07:14.895,1.97185,1.97241,1.50,2.13
2012.10.04 16:07:16.140,1.97181,1.97241,2.25,2.13
2012.10.04 16:07:16.261,1.97181,1.97241,2.25,1.73
2012.10.04 16:07:16.420,1.97181,1.97241,1.50,2.82
2012.10.04 16:07:16.612,1.97181,1.97235,2.25,2.31
2012.10.04 16:07:16.821,1.97175,1.97232,1.50,2.31
2012.10.04 16:07:16.973,1.97175,1.97232,1.98,1.50
2012.10.04 16:07:17.097,1.97175,1.97232,1.50,2.38
2012.10.04 16:07:17.440,1.97168,1.97222,1.50,1.73
2012.10.04 16:07:17.720,1.97168,1.97222,1.50,2.25
2012.10.04 16:07:18.510,1.97168,1.97222,1.50,1.73
2012.10.04 16:07:19.170,1.97161,1.97222,1.50,2.36
2012.10.04 16:07:19.290,1.97161,1.97212,1.50,1.15
2012.10.04 16:07:19.350,1.97156,1.9721,1.50,1.73
2012.10.04 16:07:20.392,1.97156,1.9721,1.50,1.73
2012.10.04 16:07:20.751,1.97149,1.9721,2.25,2.04
2012.10.04 16:07:21.934,1.97147,1.97199,2.93,1.73
2012.10.04 16:07:22.744,1.97141,1.97199,2.25,1.73
2012.10.04 16:07:22.816,1.97147,1.97199,2.93,1.73
2012.10.04 16:07:26.440,1.97158,1.97212,1.50,2.56
2012.10.04 16:07:26.499,1.97158,1.97212,1.50,2.07
2012.10.04 16:07:27.182,1.97155,1.97212,1.50,1.73
2012.10.04 16:07:27.322,1.97155,1.97201,1.50,1.50
2012.10.04 16:07:27.624,1.97148,1.97201,1.50,1.73
2012.10.04 16:07:28.392,1.97148,1.97201,1.50,1.73
2012.10.04 16:07:28.509,1.97148,1.97201,1.73,1.50
2012.10.04 16:07:28.570,1.97156,1.97201,1.73,1.50
2012.10.04 16:07:29.019,1.97156,1.97211,1.73,2.10
2012.10.04 16:07:29.731,1.97156,1.97211,1.50,2.10
2012.10.04 16:07:32.190,1.97158,1.97211,1.50,1.73
2012.10.04 16:07:32.250,1.97161,1.97215,2.25,1.73
2012.10.04 16:07:32.370,1.97165,1.97222,1.50,1.73
2012.10.04 16:07:32.429,1.97161,1.97222,2.48,1.73
2012.10.04 16:07:32.764,1.97165,1.97222,1.50,1.73
2012.10.04 16:07:33.287,1.97174,1.97226,1.50,1.26
2012.10.04 16:07:33.409,1.97165,1.97224,1.50,1.73
2012.10.04 16:07:33.536,1.97165,1.97224,1.50,2.34
2012.10.04 16:07:33.871,1.97168,1.97224,1.73,1.50
2012.10.04 16:07:34.899,1.97166,1.97224,1.73,1.50
2012.10.04 16:07:34.959,1.97166,1.97224,1.50,2.00
2012.10.04 16:07:35.256,1.97166,1.97224,1.50,1.73
2012.10.04 16:07:36.628,1.97166,1.97224,1.50,1.98
2012.10.04 16:07:37.281,1.97166,1.97224,1.50,1.98
2012.10.04 16:07:38.731,1.97163,1.97224,2.25,2.02
2012.10.04 16:07:38.790,1.97163,1.97224,1.50,2.02
2012.10.04 16:07:39.441,1.97163,1.97222,1.50,1.45
2012.10.04 16:07:41.390,1.97163,1.97224,1.50,2.02
2012.10.04 16:07:42.380,1.97163,1.97224,2.25,2.02
2012.10.04 16:07:42.727,1.97165,1.97224,1.50,1.95
2012.10.04 16:07:47.075,1.97165,1.97209,1.50,1.50
2012.10.04 16:07:47.140,1.97158,1.97209,2.10,1.50
2012.10.04 16:07:47.201,1.97158,1.97209,1.35,1.50
2012.10.04 16:07:47.259,1.97158,1.97209,1.13,1.73
2012.10.04 16:07:47.750,1.97159,1.97219,2.25,2.16
2012.10.04 16:07:47.880,1.97159,1.97219,2.25,1.73
2012.10.04 16:07:47.940,1.97169,1.97228,1.50,2.31
2012.10.04 16:07:48.000,1.97169,1.97222,1.50,1.73
2012.10.04 16:07:48.060,1.9716,1.97218,2.48,1.73
2012.10.04 16:07:48.120,1.97167,1.97218,1.13,1.73
2012.10.04 16:07:48.421,1.97171,1.97229,2.25,1.73
2012.10.04 16:07:49.099,1.97171,1.97229,1.50,2.48
2012.10.04 16:07:49.221,1.97171,1.97221,1.50,1.50
2012.10.04 16:07:49.593,1.97158,1.97218,2.48,1.73
2012.10.04 16:07:50.465,1.97158,1.97218,2.48,1.50
2012.10.04 16:07:50.533,1.97168,1.97218,1.29,1.50
2012.10.04 16:07:50.655,1.97168,1.97218,1.29,1.50
2012.10.04 16:07:50.961,1.97168,1.97228,1.29,2.25
2012.10.04 16:07:51.019,1.97168,1.97228,1.29,2.25
2012.10.04 16:07:51.536,1.97168,1.97228,1.29,2.25
2012.10.04 16:07:51.864,1.97179,1.9724,2.25,2.36
2012.10.04 16:07:51.934,1.97179,1.97238,2.25,1.06
2012.10.04 16:07:51.991,1.97179,1.9724,2.25,2.36
2012.10.04 16:07:52.444,1.97179,1.97235,1.50,1.61
2012.10.04 16:07:52.590,1.97179,1.9724,2.25,2.36
2012.10.04 16:07:56.520,1.97179,1.97235,1.50,1.61
2012.10.04 16:07:57.393,1.97179,1.9724,2.25,2.36
2012.10.04 16:08:00.137,1.97179,1.97235,1.50,1.61
2012.10.04 16:08:00.203,1.97169,1.97228,2.48,1.73
2012.10.04 16:08:00.710,1.97169,1.97228,2.48,1.73
2012.10.04 16:08:00.783,1.97169,1.97228,2.48,1.50
2012.10.04 16:08:00.841,1.97169,1.97215,1.73,1.50
2012.10.04 16:08:01.200,1.97169,1.97213,1.50,1.38
2012.10.04 16:08:01.260,1.97169,1.97217,1.50,1.38
2012.10.04 16:08:01.499,1.97169,1.97223,1.50,1.83
2012.10.04 16:08:01.560,1.97165,1.97218,1.50,2.25
2012.10.04 16:08:01.620,1.97159,1.97218,1.50,2.25
2012.10.04 16:08:01.890,1.97149,1.97208,1.50,2.04
2012.10.04 16:08:02.190,1.9714,1.97198,2.48,1.73
2012.10.04 16:08:02.249,1.9714,1.97198,2.25,1.73
2012.10.04 16:08:02.569,1.9714,1.97198,2.25,1.73
2012.10.04 16:08:02.630,1.9714,1.97198,2.25,1.73
2012.10.04 16:08:03.607,1.9714,1.97198,2.48,1.73
2012.10.04 16:08:03.814,1.9714,1.97198,1.73,1.73
2012.10.04 16:08:03.870,1.9714,1.97198,2.48,1.73
2012.10.04 16:08:04.199,1.97146,1.97198,1.50,2.04
2012.10.04 16:08:04.260,1.97146,1.97198,1.50,1.73
2012.10.04 16:08:05.072,1.97146,1.97198,1.50,1.73
2012.10.04 16:08:05.133,1.97143,1.97198,1.13,1.73
2012.10.04 16:08:05.189,1.97143,1.97198,1.13,1.73
2012.10.04 16:08:05.250,1.97143,1.97198,1.35,1.50
2012.10.04 16:08:05.794,1.97145,1.97198,1.73,1.50
2012.10.04 16:08:06.040,1.97143,1.97198,1.13,1.73
2012.10.04 16:08:07.341,1.97143,1.97198,1.13,1.73
2012.10.04 16:08:07.469,1.97147,1.97198,1.73,1.50
2012.10.04 16:08:08.112,1.97146,1.97198,1.73,1.50
2012.10.04 16:08:08.190,1.97146,1.97198,1.50,1.73
2012.10.04 16:08:08.773,1.97143,1.97198,1.13,1.73
2012.10.04 16:08:09.644,1.9714,1.97198,1.50,2.48
2012.10.04 16:08:09.759,1.9714,1.97195,1.50,1.34
2012.10.04 16:08:10.084,1.9714,1.97198,2.25,2.09
2012.10.04 16:08:10.340,1.9714,1.97198,2.48,1.73
2012.10.04 16:08:10.823,1.9714,1.97198,2.48,1.73
2012.10.04 16:08:12.090,1.9714,1.97198,1.73,1.73
2012.10.04 16:08:12.713,1.97128,1.97189,3.23,1.73
2012.10.04 16:08:12.860,1.97128,1.97189,3.23,1.73
2012.10.04 16:08:13.042,1.97128,1.97182,3.23,1.50
2012.10.04 16:08:13.280,1.97119,1.97172,2.25,1.50
2012.10.04 16:08:13.532,1.97113,1.97172,2.48,1.50
2012.10.04 16:08:13.652,1.97113,1.97172,1.50,1.73
2012.10.04 16:08:14.032,1.97113,1.97172,2.25,1.73
2012.10.04 16:08:14.312,1.97114,1.97172,2.40,1.73
2012.10.04 16:08:15.170,1.97118,1.97172,1.50,1.73
2012.10.04 16:08:16.940,1.97125,1.97183,1.13,2.82
2012.10.04 16:08:17.120,1.97134,1.97184,1.50,1.25
2012.10.04 16:08:17.179,1.97134,1.97185,1.73,1.50
2012.10.04 16:08:17.360,1.97144,1.97192,1.13,2.48
2012.10.04 16:08:17.480,1.97144,1.97192,1.35,1.50
2012.10.04 16:08:20.430,1.97143,1.97192,1.55,1.50
2012.10.04 16:08:20.490,1.97137,1.97192,1.13,1.50
2012.10.04 16:08:21.301,1.97137,1.97181,1.13,1.50
2012.10.04 16:08:21.800,1.97135,1.97181,1.13,1.73
2012.10.04 16:08:25.456,1.97137,1.9719,1.13,1.52
2012.10.04 16:08:25.510,1.97137,1.97191,1.35,2.25
2012.10.04 16:08:25.751,1.97137,1.97191,1.35,2.25
2012.10.04 16:08:25.870,1.97137,1.97191,1.35,2.25
2012.10.04 16:08:25.997,1.97137,1.97191,1.35,2.25
2012.10.04 16:08:26.386,1.97135,1.97191,1.35,2.25
2012.10.04 16:08:26.721,1.97137,1.97191,1.45,2.25
2012.10.04 16:08:26.835,1.9713,1.97191,2.48,2.48
2012.10.04 16:08:27.219,1.9713,1.97183,2.48,2.03
2012.10.04 16:08:27.641,1.97126,1.97179,1.20,2.25
2012.10.04 16:08:28.903,1.97126,1.97179,1.20,2.25
2012.10.04 16:08:29.143,1.97129,1.97183,2.48,2.03
2012.10.04 16:08:29.700,1.9714,1.97183,1.50,2.03
2012.10.04 16:08:29.829,1.9713,1.97183,2.48,2.03
2012.10.04 16:08:29.890,1.97138,1.97183,1.13,2.03
2012.10.04 16:08:30.101,1.97145,1.97203,2.48,2.85
2012.10.04 16:08:30.649,1.97142,1.97195,2.48,2.25
2012.10.04 16:08:31.841,1.97138,1.97186,1.35,1.50
2012.10.04 16:08:32.520,1.97138,1.97197,1.35,2.25
2012.10.04 16:08:33.953,1.97138,1.97197,1.35,2.25
2012.10.04 16:08:34.453,1.97137,1.97197,2.16,2.25
2012.10.04 16:08:34.582,1.97137,1.97183,2.16,2.93
2012.10.04 16:08:34.760,1.97137,1.97193,2.16,1.65
2012.10.04 16:08:34.820,1.97137,1.97185,1.50,1.27
2012.10.04 16:08:34.880,1.97137,1.97185,2.25,1.27
2012.10.04 16:08:34.941,1.97137,1.97193,2.25,1.88
2012.10.04 16:08:35.180,1.97137,1.97193,2.85,1.65
2012.10.04 16:08:35.419,1.97137,1.97184,1.13,2.25
2012.10.04 16:08:35.688,1.97137,1.97194,1.35,2.25
2012.10.04 16:08:36.286,1.97137,1.97194,1.35,2.48
2012.10.04 16:08:37.085,1.97137,1.97183,1.35,2.85
2012.10.04 16:08:38.385,1.97144,1.97183,2.48,2.85
2012.10.04 16:08:38.680,1.9715,1.97205,1.43,2.25
2012.10.04 16:08:39.307,1.9715,1.97205,1.43,2.25
2012.10.04 16:08:39.369,1.9715,1.97205,1.43,2.25
2012.10.04 16:08:39.430,1.97149,1.97202,1.13,2.48
2012.10.04 16:08:40.066,1.97149,1.97203,1.13,2.10
2012.10.04 16:08:40.730,1.97149,1.97205,1.13,2.25
2012.10.04 16:08:40.912,1.97149,1.97205,1.13,2.25
2012.10.04 16:08:41.150,1.97155,1.97205,1.32,2.25
2012.10.04 16:08:41.210,1.97149,1.97205,1.13,2.25
2012.10.04 16:08:41.486,1.97149,1.97202,1.13,2.63
2012.10.04 16:08:42.067,1.97149,1.97203,1.13,2.18
2012.10.04 16:08:42.710,1.97146,1.97203,1.50,2.18
2012.10.04 16:08:43.244,1.97146,1.97202,1.50,1.41
2012.10.04 16:08:43.691,1.97146,1.97203,2.25,1.41
2012.10.04 16:08:43.750,1.97146,1.97205,2.48,2.48
2012.10.04 16:08:44.418,1.97146,1.97205,2.48,2.48
2012.10.04 16:08:44.555,1.97143,1.97193,1.35,1.50
2012.10.04 16:08:44.681,1.97134,1.97193,2.48,1.73
2012.10.04 16:08:44.800,1.97131,1.97183,1.35,1.50
2012.10.04 16:08:45.368,1.97131,1.97183,1.35,2.25
2012.10.04 16:08:45.956,1.97131,1.97183,1.35,2.25
2012.10.04 16:08:46.964,1.97133,1.97192,2.48,2.55
2012.10.04 16:08:47.269,1.9713,1.97182,1.29,2.18
2012.10.04 16:08:47.330,1.97125,1.97184,1.35,2.40
2012.10.04 16:08:47.390,1.97125,1.97184,1.35,2.40
2012.10.04 16:08:47.449,1.97125,1.97182,1.35,2.10
2012.10.04 16:08:48.001,1.97108,1.9716,1.35,1.50
2012.10.04 16:08:49.138,1.97117,1.9716,1.54,1.50
2012.10.04 16:08:49.480,1.97119,1.9716,1.24,1.50
2012.10.04 16:08:49.540,1.97119,1.97169,1.24,2.25
2012.10.04 16:08:51.062,1.97119,1.97158,1.29,1.84
2012.10.04 16:08:51.421,1.97096,1.97112,1.18,1.50
2012.10.04 16:08:51.481,1.97061,1.97112,2.17,1.50
2012.10.04 16:08:51.569,1.97061,1.97112,1.73,1.50
2012.10.04 16:08:51.630,1.97061,1.97112,2.48,1.50
2012.10.04 16:08:51.980,1.97061,1.97112,2.48,2.85
2012.10.04 16:08:52.595,1.97061,1.97113,2.48,2.40
2012.10.04 16:08:53.839,1.97061,1.97112,2.48,2.78
2012.10.04 16:08:54.407,1.97061,1.97113,2.48,2.78
2012.10.04 16:08:55.280,1.97061,1.97113,2.25,2.78
2012.10.04 16:08:56.076,1.97061,1.97112,2.25,1.58
2012.10.04 16:08:56.260,1.97061,1.97113,2.48,2.55
2012.10.04 16:08:56.320,1.97061,1.97113,2.48,1.95
2012.10.04 16:08:56.950,1.97056,1.97102,1.32,2.10
2012.10.04 16:08:57.011,1.97051,1.97102,2.48,2.10
2012.10.04 16:08:57.560,1.97043,1.97101,2.48,2.25
2012.10.04 16:08:57.636,1.97043,1.97101,2.48,2.25
2012.10.04 16:08:57.981,1.97043,1.97101,2.48,2.25
2012.10.04 16:08:58.960,1.97043,1.97101,2.48,2.25
2012.10.04 16:08:59.261,1.97033,1.9709,1.59,2.25
2012.10.04 16:08:59.551,1.97036,1.9709,1.34,1.50
2012.10.04 16:08:59.730,1.97032,1.9709,2.48,1.50
2012.10.04 16:08:59.850,1.97032,1.9709,2.48,1.50
2012.10.04 16:09:00.189,1.97042,1.9709,1.47,1.50
2012.10.04 16:09:00.823,1.97042,1.9709,1.47,1.50
2012.10.04 16:09:01.158,1.97041,1.9709,1.63,1.50
2012.10.04 16:09:01.924,1.97041,1.9709,1.63,1.50
2012.10.04 16:09:02.490,1.97037,1.9709,1.20,1.50
2012.10.04 16:09:03.120,1.9704,1.97094,2.48,1.50
2012.10.04 16:09:03.240,1.9704,1.97101,2.48,1.73
2012.10.04 16:09:03.360,1.9704,1.97101,2.48,1.73
2012.10.04 16:09:03.719,1.97048,1.97101,1.45,1.50
2012.10.04 16:09:04.052,1.97059,1.97101,1.23,1.50
2012.10.04 16:09:04.434,1.97059,1.97103,1.23,1.50
2012.10.04 16:09:04.550,1.97059,1.97115,1.23,1.50
2012.10.04 16:09:06.130,1.97059,1.97115,1.23,1.50
2012.10.04 16:09:06.370,1.97059,1.97115,1.47,1.50
2012.10.04 16:09:06.894,1.9706,1.97115,1.52,1.50
2012.10.04 16:09:07.013,1.9706,1.97106,1.52,1.50
2012.10.04 16:09:07.071,1.97054,1.97104,1.47,1.50
2012.10.04 16:09:07.130,1.97054,1.97104,1.47,1.50
2012.10.04 16:09:07.191,1.97049,1.97104,1.38,1.50
2012.10.04 16:09:08.238,1.97048,1.97104,1.36,2.25
2012.10.04 16:09:08.760,1.97044,1.97104,2.48,1.73
2012.10.04 16:09:08.881,1.97044,1.97104,2.48,2.48
2012.10.04 16:09:09.210,1.97048,1.97104,1.45,2.25
2012.10.04 16:09:10.898,1.97048,1.97104,1.45,2.25
2012.10.04 16:09:11.040,1.97045,1.97104,1.52,2.25
2012.10.04 16:09:11.670,1.97045,1.97104,1.52,2.25
2012.10.04 16:09:11.790,1.97055,1.97115,2.48,2.17
2012.10.04 16:09:11.909,1.97055,1.97115,2.48,1.97
2012.10.04 16:09:11.970,1.97055,1.97113,2.48,2.18
2012.10.04 16:09:12.661,1.97045,1.97102,1.32,1.50
2012.10.04 16:09:16.006,1.97055,1.97113,2.48,3.68
2012.10.04 16:09:17.019,1.97055,1.97112,2.48,2.40
2012.10.04 16:09:17.753,1.97052,1.971,2.48,1.50
2012.10.04 16:09:19.151,1.9705,1.97111,2.48,2.48
2012.10.04 16:09:22.081,1.9705,1.97111,2.48,2.48
2012.10.04 16:09:23.630,1.97063,1.97111,1.50,2.48
2012.10.04 16:09:24.017,1.97071,1.97122,1.36,2.18
2012.10.04 16:09:24.801,1.97071,1.97122,1.36,2.18
2012.10.04 16:09:24.872,1.97071,1.97122,1.36,2.18
2012.10.04 16:09:25.462,1.97072,1.97122,1.41,2.18
2012.10.04 16:09:25.532,1.97072,1.97125,1.41,2.25
2012.10.04 16:09:25.650,1.97072,1.97125,1.78,2.25
2012.10.04 16:09:26.076,1.97084,1.97133,1.26,2.78
2012.10.04 16:09:26.647,1.97095,1.97143,1.46,2.70
2012.10.04 16:09:27.222,1.97095,1.97142,1.46,1.95
2012.10.04 16:09:27.664,1.97088,1.97142,2.48,1.95
2012.10.04 16:09:27.900,1.97083,1.97135,1.29,1.50
2012.10.04 16:09:27.960,1.97088,1.97147,2.48,2.48
2012.10.04 16:09:28.473,1.97096,1.97141,1.50,1.50
2012.10.04 16:09:29.060,1.97096,1.97138,1.50,2.25
2012.10.04 16:09:29.122,1.97084,1.97138,1.21,2.25
2012.10.04 16:09:31.410,1.97095,1.97138,1.21,1.50
2012.10.04 16:09:31.600,1.97095,1.9715,1.21,2.25
2012.10.04 16:09:32.152,1.97095,1.97142,1.21,2.55
2012.10.04 16:09:32.210,1.9709,1.97142,1.57,2.55
2012.10.04 16:09:32.365,1.9709,1.9715,1.57,2.48
2012.10.04 16:09:32.420,1.97096,1.9715,1.25,2.25
2012.10.04 16:09:34.380,1.97095,1.97142,1.25,2.48
2012.10.04 16:09:34.580,1.97089,1.97133,1.73,1.50
2012.10.04 16:09:34.700,1.97089,1.97123,1.73,2.85
2012.10.04 16:09:34.761,1.97065,1.97123,1.59,4.35
2012.10.04 16:09:35.140,1.97063,1.97123,2.86,4.58
2012.10.04 16:09:35.262,1.97063,1.97123,2.48,4.58
2012.10.04 16:09:35.812,1.97075,1.97123,1.50,2.33
2012.10.04 16:09:37.590,1.97075,1.97122,1.50,1.73
2012.10.04 16:09:37.994,1.97075,1.97122,2.48,1.50
2012.10.04 16:09:38.812,1.97075,1.97122,2.86,1.50
2012.10.04 16:09:39.412,1.97075,1.97123,2.86,1.80
2012.10.04 16:09:43.408,1.97075,1.97123,2.48,1.80
2012.10.04 16:09:43.980,1.97075,1.97133,2.95,3.98
2012.10.04 16:09:47.279,1.97083,1.97133,1.34,3.38
2012.10.04 16:09:47.580,1.97086,1.97133,1.27,1.88
2012.10.04 16:09:49.970,1.97076,1.97132,1.34,1.50
2012.10.04 16:09:51.607,1.97081,1.97132,1.43,1.50
2012.10.04 16:09:53.550,1.97084,1.97143,2.48,4.28
2012.10.04 16:09:54.900,1.97084,1.97143,2.48,3.90
2012.10.04 16:09:55.247,1.97092,1.97143,1.32,3.68
2012.10.04 16:10:01.397,1.97094,1.97143,2.48,1.65
2012.10.04 16:10:07.013,1.97086,1.97133,1.41,1.88
2012.10.04 16:10:10.912,1.97084,1.97133,1.57,2.55
2012.10.04 16:10:20.650,1.97075,1.97133,1.61,1.58
2012.10.04 16:10:21.324,1.97075,1.97133,1.26,2.78
2012.10.04 16:10:21.935,1.97084,1.97142,1.73,2.25
2012.10.04 16:10:22.953,1.97076,1.97132,1.59,2.25
2012.10.04 16:10:26.210,1.97076,1.97134,1.59,2.25
2012.10.04 16:10:26.420,1.97074,1.97134,2.48,3.23
2012.10.04 16:10:26.480,1.97074,1.97133,2.48,2.33
2012.10.04 16:10:26.840,1.97074,1.97113,1.50,2.03
2012.10.04 16:10:26.900,1.97061,1.97121,2.48,2.48
2012.10.04 16:10:26.960,1.97064,1.97121,1.61,2.25
2012.10.04 16:10:27.300,1.97066,1.97121,1.45,2.25
2012.10.04 16:10:28.995,1.97061,1.97121,2.27,2.25
2012.10.04 16:10:31.643,1.97061,1.97121,2.31,2.25
2012.10.04 16:10:31.940,1.97074,1.97123,3.09,1.65
2012.10.04 16:10:32.000,1.97074,1.97133,3.09,2.25
2012.10.04 16:10:32.119,1.97074,1.97133,3.09,2.25
2012.10.04 16:10:32.240,1.97079,1.97132,1.59,2.63
2012.10.04 16:10:32.360,1.97085,1.97132,2.88,2.63
2012.10.04 16:10:32.440,1.97085,1.97132,2.48,2.63
2012.10.04 16:10:33.685,1.97085,1.97132,2.48,2.63
2012.10.04 16:10:33.751,1.97084,1.97132,1.61,1.50
2012.10.04 16:10:33.870,1.97084,1.97132,1.61,1.50
2012.10.04 16:10:33.991,1.97091,1.97145,1.11,2.25
2012.10.04 16:10:34.110,1.97086,1.97145,2.04,2.25
2012.10.04 16:10:34.757,1.97086,1.97145,2.25,2.25
2012.10.04 16:10:36.470,1.97095,1.97145,1.50,2.25
2012.10.04 16:10:37.071,1.97095,1.97145,1.50,2.25
2012.10.04 16:10:43.227,1.97095,1.97145,1.50,2.25
2012.10.04 16:10:44.271,1.97105,1.97152,1.52,2.48
2012.10.04 16:10:46.051,1.97097,1.97152,1.73,2.18
2012.10.04 16:10:46.730,1.97088,1.97143,1.12,2.25
2012.10.04 16:10:48.801,1.97096,1.97142,1.23,2.03
2012.10.04 16:10:48.981,1.97095,1.97142,1.50,2.03
2012.10.04 16:10:49.160,1.97095,1.97153,2.25,1.88
2012.10.04 16:10:49.401,1.97095,1.97143,2.31,2.25
2012.10.04 16:10:49.521,1.97095,1.97143,1.50,2.25
2012.10.04 16:10:49.760,1.97095,1.97142,2.86,2.25
2012.10.04 16:10:51.578,1.97084,1.97142,2.48,2.25
2012.10.04 16:10:51.644,1.97084,1.97142,1.73,2.25
2012.10.04 16:10:52.314,1.97084,1.97112,1.73,1.88
2012.10.04 16:10:52.612,1.97057,1.97092,1.50,2.70
2012.10.04 16:10:52.672,1.97049,1.97102,1.50,2.48
2012.10.04 16:10:52.730,1.97059,1.97106,1.47,2.25
2012.10.04 16:10:52.850,1.97059,1.97112,1.47,1.80
2012.10.04 16:10:52.910,1.97072,1.97113,1.34,2.25
2012.10.04 16:10:57.680,1.97065,1.97122,2.48,1.65
2012.10.04 16:10:58.040,1.97065,1.97112,1.73,2.48
2012.10.04 16:10:58.390,1.97052,1.97103,2.31,1.50
2012.10.04 16:10:58.464,1.97043,1.97103,1.73,3.23
2012.10.04 16:10:58.730,1.97043,1.97103,2.48,2.48
2012.10.04 16:10:59.060,1.97055,1.97112,1.41,4.20
2012.10.04 16:10:59.890,1.97068,1.97122,1.73,2.25
2012.10.04 16:11:00.832,1.97068,1.97112,1.73,2.03
2012.10.04 16:11:01.130,1.97057,1.97105,1.73,1.50
2012.10.04 16:11:01.190,1.97057,1.97103,1.73,1.73
2012.10.04 16:11:01.770,1.97057,1.97102,1.73,2.48
2012.10.04 16:11:01.949,1.97057,1.97103,1.73,1.50
2012.10.04 16:11:02.131,1.97046,1.97103,1.50,1.73
2012.10.04 16:11:02.369,1.97037,1.97092,1.50,1.73
2012.10.04 16:11:03.586,1.97037,1.97084,1.50,1.73
2012.10.04 16:11:03.700,1.97033,1.97084,1.73,1.73
2012.10.04 16:11:03.763,1.97027,1.97082,1.73,1.50
2012.10.04 16:11:03.822,1.97027,1.97082,1.73,1.50
2012.10.04 16:11:04.001,1.97024,1.97081,1.50,1.25
2012.10.04 16:11:07.284,1.97024,1.97082,1.50,1.73
2012.10.04 16:11:07.530,1.97034,1.97082,1.50,1.73
2012.10.04 16:11:07.853,1.97034,1.97086,2.25,1.32
2012.10.04 16:11:07.970,1.97034,1.97093,2.25,1.69
2012.10.04 16:11:08.525,1.97034,1.97086,2.25,1.32
2012.10.04 16:11:08.601,1.97024,1.97083,1.50,2.53
2012.10.04 16:11:08.660,1.97024,1.97083,2.73,1.13
2012.10.04 16:11:09.170,1.97034,1.97083,2.48,1.13
2012.10.04 16:11:09.882,1.97034,1.97083,1.73,1.13
2012.10.04 16:11:10.520,1.97031,1.97081,1.73,1.50
2012.10.04 16:11:11.471,1.97024,1.97081,1.23,1.50
2012.10.04 16:11:12.032,1.97024,1.97081,1.23,1.50
2012.10.04 16:11:12.578,1.97022,1.97081,1.98,2.25
2012.10.04 16:11:12.820,1.97022,1.97081,1.50,2.48
2012.10.04 16:11:13.020,1.97022,1.97081,1.73,2.48
2012.10.04 16:11:13.360,1.97022,1.97072,1.50,1.50
2012.10.04 16:11:13.461,1.97022,1.97075,1.73,1.73
2012.10.04 16:11:15.551,1.97021,1.97082,2.48,2.75
2012.10.04 16:11:15.730,1.97023,1.97082,1.43,2.25
2012.10.04 16:11:15.970,1.97023,1.97082,1.43,3.68
2012.10.04 16:11:16.060,1.97021,1.97082,2.48,3.90
2012.10.04 16:11:16.277,1.97021,1.97075,1.50,1.73
2012.10.04 16:11:16.741,1.97008,1.97067,1.73,1.73
2012.10.04 16:11:19.470,1.97019,1.9708,1.73,2.48
2012.10.04 16:11:19.731,1.97019,1.9708,1.73,1.73
2012.10.04 16:11:19.910,1.97021,1.9708,1.54,1.50
2012.10.04 16:11:20.101,1.97031,1.97082,1.73,1.50
2012.10.04 16:11:20.221,1.97031,1.9709,1.73,2.10
2012.10.04 16:11:21.711,1.97027,1.9708,1.73,1.50
2012.10.04 16:11:21.832,1.97031,1.97083,1.73,1.50
2012.10.04 16:11:21.895,1.97031,1.9709,1.65,2.10
2012.10.04 16:11:21.962,1.97031,1.9709,2.40,2.10
2012.10.04 16:11:22.280,1.97041,1.97099,2.25,2.48
2012.10.04 16:11:22.442,1.97041,1.97099,2.74,1.50
2012.10.04 16:11:23.480,1.97041,1.97099,1.73,1.73
2012.10.04 16:11:23.930,1.97038,1.9709,1.73,1.50
2012.10.04 16:11:24.480,1.97031,1.9709,1.73,1.73
2012.10.04 16:11:24.792,1.97031,1.9709,2.48,1.73
2012.10.04 16:11:25.150,1.97031,1.97089,1.73,1.35
2012.10.04 16:11:25.210,1.97031,1.97089,1.73,1.13
2012.10.04 16:11:25.313,1.97031,1.97089,1.73,1.35
2012.10.04 16:11:25.370,1.97031,1.9709,2.48,2.35
2012.10.04 16:11:25.580,1.97031,1.9709,2.48,1.88
2012.10.04 16:11:25.701,1.97035,1.9709,1.20,1.50
2012.10.04 16:11:26.121,1.97042,1.97094,1.73,1.50
2012.10.04 16:11:26.180,1.97042,1.971,1.73,1.73
2012.10.04 16:11:26.894,1.97038,1.97092,1.73,1.50
2012.10.04 16:11:27.478,1.97031,1.97092,2.48,1.73
2012.10.04 16:11:27.551,1.97043,1.97099,1.50,1.32
2012.10.04 16:11:27.914,1.97034,1.97094,2.48,2.44
2012.10.04 16:11:27.981,1.97042,1.97094,1.63,1.50
2012.10.04 16:11:31.262,1.97044,1.97097,2.48,1.50
2012.10.04 16:11:31.320,1.97044,1.97103,2.48,2.07
2012.10.04 16:11:32.100,1.97044,1.97103,2.48,1.73
2012.10.04 16:11:37.770,1.97044,1.97096,2.48,1.50
2012.10.04 16:11:38.070,1.97036,1.97094,1.45,1.50
2012.10.04 16:11:38.130,1.97036,1.97094,1.45,1.50
2012.10.04 16:11:38.462,1.97048,1.97094,1.27,1.50
2012.10.04 16:11:38.580,1.97048,1.97103,1.27,1.50
2012.10.04 16:11:39.490,1.97042,1.97093,1.47,1.50
2012.10.04 16:11:40.506,1.97044,1.97097,2.48,1.50
2012.10.04 16:11:40.560,1.97044,1.97103,2.48,2.48
2012.10.04 16:11:40.620,1.97042,1.97093,1.47,1.50
2012.10.04 16:11:41.071,1.97043,1.97104,2.48,2.48
2012.10.04 16:11:43.222,1.97043,1.97103,2.48,1.88
2012.10.04 16:11:47.058,1.97043,1.97104,2.48,2.48
2012.10.04 16:11:50.710,1.97043,1.97103,1.73,2.03
2012.10.04 16:11:50.840,1.97043,1.97103,1.73,2.03
2012.10.04 16:11:51.569,1.97043,1.97104,1.73,2.48
2012.10.04 16:11:51.690,1.97043,1.97093,1.73,1.50
2012.10.04 16:11:51.752,1.97043,1.97094,1.73,1.50
2012.10.04 16:11:51.900,1.97043,1.97094,2.25,1.34
2012.10.04 16:11:52.020,1.97035,1.97092,1.36,1.50
2012.10.04 16:11:54.070,1.97033,1.97092,2.48,2.48
2012.10.04 16:11:54.741,1.97033,1.97092,2.48,2.48
2012.10.04 16:11:56.245,1.97033,1.97092,2.48,1.73
2012.10.04 16:11:58.050,1.97033,1.97092,2.25,1.73
2012.10.04 16:11:58.390,1.97033,1.97092,2.25,3.90
2012.10.04 16:11:58.904,1.97033,1.97092,2.25,2.48
2012.10.04 16:12:00.380,1.97033,1.97085,1.50,1.73
2012.10.04 16:12:00.500,1.97029,1.97083,1.73,2.25
2012.10.04 16:12:00.651,1.97022,1.97083,2.48,2.48
2012.10.04 16:12:01.359,1.97022,1.97082,1.73,1.73
2012.10.04 16:12:01.726,1.97022,1.97074,1.50,1.73
2012.10.04 16:12:02.156,1.97022,1.97074,1.50,1.73
2012.10.04 16:12:02.586,1.97013,1.97073,2.48,2.48
2012.10.04 16:12:04.371,1.9702,1.97073,1.50,2.48
2012.10.04 16:12:04.430,1.97023,1.97074,1.50,1.73
2012.10.04 16:12:05.309,1.97023,1.97082,2.25,2.86
2012.10.04 16:12:05.490,1.97023,1.97082,2.48,2.25
2012.10.04 16:12:09.170,1.97023,1.97082,2.25,2.29
2012.10.04 16:12:10.170,1.97023,1.97082,2.25,4.17
2012.10.04 16:12:10.291,1.97026,1.97082,1.36,1.50
2012.10.04 16:12:11.391,1.97033,1.97092,2.48,2.48
2012.10.04 16:12:11.451,1.97033,1.97092,2.48,2.25
2012.10.04 16:12:11.763,1.97033,1.97092,2.25,4.43
2012.10.04 16:12:12.077,1.97033,1.97092,2.48,2.48
2012.10.04 16:12:13.251,1.97033,1.97092,2.48,2.48
2012.10.04 16:12:13.935,1.97028,1.97083,1.45,2.25
2012.10.04 16:12:14.854,1.97026,1.97082,1.45,2.48
2012.10.04 16:12:14.911,1.97022,1.97082,2.48,2.70
2012.10.04 16:12:17.072,1.97022,1.97083,2.48,2.48
2012.10.04 16:12:23.306,1.97022,1.97083,1.73,2.48
2012.10.04 16:12:23.540,1.97022,1.97082,2.25,1.41
2012.10.04 16:12:24.068,1.97022,1.97082,1.50,1.41
2012.10.04 16:12:24.134,1.97014,1.97072,2.48,1.73
2012.10.04 16:12:25.900,1.97014,1.97072,2.48,1.73
2012.10.04 16:12:26.661,1.97016,1.97072,1.25,1.50
2012.10.04 16:12:31.544,1.97014,1.97072,2.48,1.73
2012.10.04 16:12:31.720,1.97004,1.97063,2.97,1.50
2012.10.04 16:12:32.213,1.97004,1.97054,2.97,1.50
2012.10.04 16:12:32.470,1.96992,1.97052,1.98,1.50
2012.10.04 16:12:34.540,1.96992,1.97052,1.61,1.50
2012.10.04 16:12:34.840,1.97002,1.97063,2.48,2.48
2012.10.04 16:12:34.900,1.97002,1.97063,2.48,1.73
2012.10.04 16:12:34.960,1.97002,1.97063,3.13,1.50
2012.10.04 16:12:36.011,1.9701,1.97063,1.20,1.50
2012.10.04 16:12:38.610,1.97015,1.97063,1.73,1.50
2012.10.04 16:12:38.914,1.97024,1.97083,1.35,1.50
2012.10.04 16:12:39.080,1.97024,1.97077,1.35,1.50
2012.10.04 16:12:39.431,1.97017,1.97074,1.04,2.25
2012.10.04 16:12:39.491,1.97013,1.97066,1.73,2.48
2012.10.04 16:12:39.551,1.97005,1.97062,1.73,1.50
2012.10.04 16:12:39.853,1.97017,1.97073,1.24,1.50
2012.10.04 16:12:39.970,1.97012,1.97071,2.20,1.50
2012.10.04 16:12:40.091,1.97012,1.97071,2.48,1.50
2012.10.04 16:12:40.151,1.97012,1.97071,2.48,1.50
2012.10.04 16:12:40.470,1.97012,1.97063,1.73,1.50
2012.10.04 16:12:40.530,1.97005,1.97061,1.73,1.50
2012.10.04 16:12:40.590,1.97005,1.97052,1.73,1.50
2012.10.04 16:12:40.770,1.97,1.97059,2.48,1.50
2012.10.04 16:12:40.831,1.97,1.97059,2.48,1.50
2012.10.04 16:12:41.276,1.9701,1.97059,1.38,1.50
2012.10.04 16:12:42.051,1.97009,1.97069,1.73,1.73
2012.10.04 16:12:43.404,1.97009,1.97069,2.48,1.73
2012.10.04 16:12:43.511,1.97009,1.97069,1.73,1.73
2012.10.04 16:12:45.590,1.97009,1.97069,2.48,1.73
2012.10.04 16:12:46.250,1.97009,1.97069,1.73,1.73
2012.10.04 16:12:46.471,1.97009,1.97069,2.48,1.73
2012.10.04 16:12:46.801,1.97009,1.97069,2.86,1.50
2012.10.04 16:12:47.121,1.97021,1.97079,1.50,2.48
2012.10.04 16:12:47.180,1.97021,1.97079,2.25,2.48
2012.10.04 16:12:47.460,1.97034,1.97082,1.54,2.33
2012.10.04 16:12:47.543,1.97034,1.97092,1.54,2.22
2012.10.04 16:12:47.601,1.97034,1.97092,1.54,1.88
2012.10.04 16:12:47.661,1.97034,1.97092,1.54,1.88
2012.10.04 16:12:47.970,1.97034,1.97092,1.54,1.88
2012.10.04 16:12:48.075,1.97034,1.97092,1.54,1.50
2012.10.04 16:12:48.323,1.97034,1.97092,1.54,3.98
2012.10.04 16:12:48.381,1.97032,1.97092,2.48,4.20
2012.10.04 16:12:48.440,1.97032,1.97092,2.48,1.73
2012.10.04 16:12:48.500,1.97034,1.97092,1.47,1.50
2012.10.04 16:12:48.921,1.97034,1.97092,1.47,4.28
2012.10.04 16:12:49.041,1.97032,1.97092,2.48,2.48
2012.10.04 16:12:50.830,1.97032,1.97092,2.48,2.48
2012.10.04 16:12:50.971,1.97032,1.97092,2.48,2.48
2012.10.04 16:12:51.211,1.9704,1.97092,1.45,1.50
2012.10.04 16:12:51.560,1.97033,1.97084,1.56,1.50
2012.10.04 16:12:52.004,1.97028,1.9708,1.32,1.50
2012.10.04 16:12:54.120,1.97028,1.9708,1.32,1.84
2012.10.04 16:12:54.361,1.9701,1.97062,1.50,1.56
2012.10.04 16:12:54.482,1.97,1.97059,2.48,2.48
2012.10.04 16:12:54.603,1.97,1.97059,2.48,1.73
2012.10.04 16:12:54.720,1.97014,1.97059,1.50,1.73
2012.10.04 16:12:55.080,1.97021,1.97073,1.41,2.85
2012.10.04 16:12:55.370,1.9703,1.97083,1.73,3.00
2012.10.04 16:12:55.490,1.9703,1.97084,1.73,2.10
2012.10.04 16:12:55.550,1.97016,1.97076,2.16,2.25
2012.10.04 16:12:55.790,1.97014,1.97073,2.48,2.48
2012.10.04 16:12:55.911,1.97014,1.9707,1.73,1.09
2012.10.04 16:12:56.030,1.97014,1.97068,1.50,1.63
2012.10.04 16:12:56.090,1.97004,1.97064,1.73,2.48
2012.10.04 16:12:56.150,1.97004,1.97064,2.48,2.48
2012.10.04 16:12:56.651,1.97004,1.97057,1.50,1.20
2012.10.04 16:12:57.010,1.96998,1.97055,1.45,1.50
2012.10.04 16:12:57.634,1.96994,1.97055,1.73,2.48
2012.10.04 16:12:57.752,1.97001,1.97055,1.50,2.48
2012.10.04 16:12:57.871,1.97004,1.97062,1.73,1.73
2012.10.04 16:12:57.933,1.97014,1.97062,1.50,1.73
2012.10.04 16:12:59.706,1.97001,1.97062,1.50,2.48
2012.10.04 16:13:02.041,1.97001,1.97062,1.50,2.48
2012.10.04 16:13:02.533,1.97001,1.97056,1.50,1.25
2012.10.04 16:13:02.681,1.97001,1.9706,1.50,1.35
2012.10.04 16:13:03.421,1.97001,1.97062,2.25,2.48
2012.10.04 16:13:03.480,1.97002,1.97062,1.27,1.50
2012.10.04 16:13:03.720,1.97013,1.97072,1.50,1.73
2012.10.04 16:13:05.481,1.97013,1.97073,1.73,1.32
2012.10.04 16:13:05.600,1.97013,1.97073,1.73,2.07
2012.10.04 16:13:06.455,1.97013,1.97073,1.73,1.73
2012.10.04 16:13:07.660,1.97013,1.97074,2.48,2.29
2012.10.04 16:13:07.722,1.97015,1.97074,1.41,1.50
2012.10.04 16:13:08.860,1.97015,1.97074,1.41,1.84
2012.10.04 16:13:09.220,1.97002,1.97058,1.73,1.35
2012.10.04 16:13:09.280,1.97002,1.97054,1.50,1.73
2012.10.04 16:13:09.400,1.97002,1.97052,1.73,2.74
2012.10.04 16:13:09.761,1.96991,1.9705,2.48,1.73
2012.10.04 16:13:09.978,1.96995,1.9705,1.63,1.50
2012.10.04 16:13:10.101,1.97001,1.97052,2.48,1.09
2012.10.04 16:13:10.162,1.97004,1.97058,1.54,1.13
2012.10.04 16:13:10.650,1.97004,1.97059,1.54,2.25
2012.10.04 16:13:10.770,1.9701,1.97059,1.20,1.50
2012.10.04 16:13:10.890,1.97011,1.97069,2.48,2.25
2012.10.04 16:13:11.192,1.97007,1.97055,1.95,1.50
2012.10.04 16:13:11.431,1.97001,1.9706,2.25,2.48
2012.10.04 16:13:11.498,1.96997,1.9705,2.48,1.50
2012.10.04 16:13:11.682,1.96991,1.9705,1.73,1.73
2012.10.04 16:13:11.901,1.96991,1.9705,2.48,1.73
2012.10.04 16:13:12.305,1.96999,1.9705,1.36,1.50
2012.10.04 16:13:12.371,1.97001,1.97058,2.48,1.13
2012.10.04 16:13:12.670,1.97001,1.97055,1.50,1.73
2012.10.04 16:13:12.731,1.9699,1.97051,2.48,1.73
2012.10.04 16:13:12.850,1.9699,1.97051,1.73,2.48
2012.10.04 16:13:13.031,1.96981,1.97041,1.73,2.48
2012.10.04 16:13:13.341,1.96981,1.97041,1.73,2.84
2012.10.04 16:13:13.710,1.96981,1.97041,1.73,2.48
2012.10.04 16:13:14.031,1.9699,1.97044,2.48,2.25
2012.10.04 16:13:14.210,1.9699,1.97051,1.73,1.73
2012.10.04 16:13:14.760,1.9699,1.97051,1.73,1.73
2012.10.04 16:13:15.367,1.9699,1.97051,1.73,2.48
2012.10.04 16:13:15.550,1.9699,1.97051,1.50,2.48
2012.10.04 16:13:16.971,1.9699,1.97043,1.50,1.45
2012.10.04 16:13:17.270,1.96981,1.97041,2.48,1.73
2012.10.04 16:13:18.084,1.96988,1.97041,1.50,1.73
2012.10.04 16:13:18.444,1.96992,1.97043,1.50,1.52
2012.10.04 16:13:18.641,1.96983,1.97041,2.48,1.73
2012.10.04 16:13:21.880,1.96983,1.97035,1.73,1.73
2012.10.04 16:13:21.940,1.96983,1.97035,1.50,1.73
2012.10.04 16:13:22.180,1.96973,1.97025,1.73,1.50
2012.10.04 16:13:22.240,1.96973,1.97025,1.50,1.73
2012.10.04 16:13:23.141,1.96963,1.97022,1.73,3.23
2012.10.04 16:13:23.200,1.96963,1.97022,2.48,2.48
2012.10.04 16:13:24.920,1.96963,1.97022,2.48,1.73
2012.10.04 16:13:25.380,1.96963,1.97022,2.48,1.73
2012.10.04 16:13:25.671,1.96973,1.97031,2.48,2.10
2012.10.04 16:13:26.201,1.96973,1.97031,2.48,1.73
2012.10.04 16:13:27.210,1.96973,1.97031,2.48,1.73
2012.10.04 16:13:27.331,1.96973,1.97031,2.48,1.73
2012.10.04 16:13:29.453,1.96965,1.97022,1.43,1.50
2012.10.04 16:13:30.210,1.96974,1.97024,2.48,1.50
2012.10.04 16:13:30.270,1.96974,1.97035,2.48,2.48
2012.10.04 16:13:31.261,1.96974,1.97035,2.48,2.48
2012.10.04 16:13:32.000,1.96984,1.97037,1.50,2.48
2012.10.04 16:13:32.063,1.96984,1.97044,2.25,1.54
2012.10.04 16:13:33.870,1.96984,1.97041,1.50,1.35
2012.10.04 16:13:34.065,1.96984,1.97041,2.25,1.19
2012.10.04 16:13:34.241,1.96974,1.97035,2.48,1.73
2012.10.04 16:13:34.301,1.96974,1.97035,2.48,2.48
2012.10.04 16:13:34.480,1.96974,1.97035,2.48,1.73
2012.10.04 16:13:35.290,1.96986,1.97044,1.50,1.45
2012.10.04 16:13:35.675,1.96986,1.97045,1.50,3.23
2012.10.04 16:13:36.540,1.96986,1.97043,1.50,1.32
2012.10.04 16:13:36.901,1.96974,1.9703,1.50,1.27
2012.10.04 16:13:37.210,1.96974,1.97033,2.25,2.13
2012.10.04 16:13:37.330,1.96983,1.9704,1.50,1.80
2012.10.04 16:13:41.298,1.96983,1.9704,1.50,1.80
2012.10.04 16:13:41.600,1.96971,1.97027,1.50,1.32
2012.10.04 16:13:42.288,1.96971,1.97029,2.25,1.05
2012.10.04 16:13:42.638,1.9698,1.9704,1.50,1.35
2012.10.04 16:13:43.411,1.9698,1.97041,2.25,3.05
2012.10.04 16:13:43.530,1.9698,1.97041,2.48,2.44
2012.10.04 16:13:44.161,1.9698,1.97041,2.48,1.73
2012.10.04 16:13:44.341,1.96985,1.97041,1.36,1.50
2012.10.04 16:13:44.400,1.9698,1.97041,2.48,1.73
2012.10.04 16:13:45.614,1.96987,1.97041,1.50,1.73
2012.10.04 16:13:45.684,1.96991,1.97044,1.50,1.73
2012.10.04 16:13:47.940,1.96991,1.9705,1.50,2.48
2012.10.04 16:13:48.441,1.96991,1.9705,1.73,2.48
2012.10.04 16:13:49.879,1.96991,1.9705,2.48,1.73
2012.10.04 16:13:50.180,1.97,1.97055,1.50,1.73
2012.10.04 16:13:50.548,1.97,1.97054,1.50,1.29
2012.10.04 16:13:50.611,1.96997,1.97051,1.50,1.73
2012.10.04 16:13:50.670,1.9699,1.97051,2.25,1.73
2012.10.04 16:13:50.850,1.9699,1.97051,1.50,2.48
2012.10.04 16:13:55.871,1.9699,1.97046,1.50,1.54
2012.10.04 16:14:00.200,1.9699,1.97051,1.50,2.48
2012.10.04 16:14:00.372,1.9699,1.97047,1.50,1.56
2012.10.04 16:14:00.721,1.9699,1.97051,2.25,2.31
2012.10.04 16:14:00.780,1.9699,1.97051,2.48,1.73
2012.10.04 16:14:00.901,1.9699,1.97048,1.50,1.20
2012.10.04 16:14:01.021,1.9699,1.97051,1.73,2.48
2012.10.04 16:14:01.281,1.96986,1.9704,1.73,1.50
2012.10.04 16:14:01.400,1.96992,1.97052,1.50,2.10
2012.10.04 16:14:01.461,1.96992,1.97043,1.50,2.78
2012.10.04 16:14:03.440,1.96992,1.97043,2.48,2.55
2012.10.04 16:14:03.500,1.96992,1.97052,2.48,2.48
2012.10.04 16:14:03.711,1.96992,1.97043,1.73,1.50
2012.10.04 16:14:03.832,1.96992,1.97043,1.50,1.73
2012.10.04 16:14:03.933,1.96992,1.97045,1.50,1.61
2012.10.04 16:14:04.051,1.96992,1.97051,1.50,1.50
2012.10.04 16:14:04.621,1.96992,1.97051,2.25,1.50
2012.10.04 16:14:04.741,1.96992,1.97052,2.48,1.50
2012.10.04 16:14:05.260,1.97002,1.97061,2.25,2.48
2012.10.04 16:14:05.870,1.97009,1.97061,1.50,2.48
2012.10.04 16:14:06.302,1.97012,1.97063,1.50,3.48
2012.10.04 16:14:07.353,1.97012,1.97062,1.50,1.80
2012.10.04 16:14:08.271,1.97,1.97052,1.50,1.43
2012.10.04 16:14:12.772,1.97,1.97044,1.50,1.73
2012.10.04 16:14:13.082,1.96962,1.96994,1.04,2.25
2012.10.04 16:14:13.261,1.96949,1.96997,1.50,1.27
2012.10.04 16:14:13.519,1.9694,1.96997,2.25,1.27
2012.10.04 16:14:13.701,1.9694,1.96998,2.48,2.48
2012.10.04 16:14:14.063,1.96948,1.97002,1.50,1.80
2012.10.04 16:14:14.570,1.9695,1.97002,1.13,1.80
2012.10.04 16:14:14.690,1.96954,1.97009,1.63,1.50
2012.10.04 16:14:14.812,1.96973,1.97009,1.50,1.50
2012.10.04 16:14:15.170,1.9699,1.9704,2.25,1.54
2012.10.04 16:14:15.230,1.9699,1.97042,2.25,1.88
2012.10.04 16:14:15.290,1.9699,1.97049,2.25,2.48
2012.10.04 16:14:15.557,1.9699,1.97049,1.50,2.48
2012.10.04 16:14:15.680,1.9699,1.97049,2.25,2.48
2012.10.04 16:14:16.007,1.9699,1.97049,1.50,2.48
2012.10.04 16:14:16.131,1.97,1.97051,1.50,1.52
2012.10.04 16:14:18.130,1.97,1.97047,1.50,1.41
2012.10.04 16:14:21.944,1.97,1.97052,1.50,2.18
2012.10.04 16:14:22.170,1.97,1.97046,1.50,1.41
2012.10.04 16:14:23.710,1.97,1.97052,1.50,1.32
2012.10.04 16:14:25.363,1.97,1.97052,2.25,1.32
2012.10.04 16:14:25.621,1.97,1.97053,1.50,1.80
2012.10.04 16:14:25.800,1.97,1.97053,2.25,1.80
2012.10.04 16:14:26.352,1.97,1.97053,1.50,2.63
2012.10.04 16:14:26.412,1.97,1.97043,1.50,2.93
2012.10.04 16:14:26.931,1.97,1.97046,1.50,1.36
2012.10.04 16:14:30.563,1.97,1.97043,1.50,2.78
2012.10.04 16:14:30.881,1.96989,1.97043,2.25,2.78
2012.10.04 16:14:32.733,1.96998,1.97043,1.50,2.78
2012.10.04 16:14:35.840,1.96998,1.9704,1.50,1.27
2012.10.04 16:14:36.211,1.96998,1.97033,1.50,2.48
2012.10.04 16:14:36.272,1.96988,1.97028,1.50,1.61
2012.10.04 16:14:36.390,1.96979,1.97028,2.25,1.61
2012.10.04 16:14:36.512,1.96979,1.97032,2.25,3.15
2012.10.04 16:14:36.696,1.96979,1.97032,1.50,3.15
2012.10.04 16:14:36.980,1.96986,1.97032,1.50,3.15
2012.10.04 16:14:37.281,1.96988,1.97032,1.50,1.80
2012.10.04 16:14:38.700,1.96966,1.97012,1.73,1.95
2012.10.04 16:14:38.823,1.96966,1.9701,1.50,1.45
2012.10.04 16:14:38.880,1.96966,1.9701,2.25,1.45
2012.10.04 16:14:38.940,1.96976,1.97027,2.48,2.25
2012.10.04 16:14:39.061,1.96985,1.97039,2.25,2.48
2012.10.04 16:14:39.702,1.96988,1.97042,2.25,1.88
2012.10.04 16:14:39.891,1.96988,1.97042,1.50,1.88
2012.10.04 16:14:39.950,1.96988,1.97034,1.50,1.29
2012.10.04 16:14:40.372,1.96988,1.97032,1.50,1.88
2012.10.04 16:14:40.685,1.96988,1.97028,1.50,1.45
2012.10.04 16:14:41.926,1.96988,1.97032,1.50,2.78
2012.10.04 16:14:42.160,1.96988,1.97039,1.50,1.43
2012.10.04 16:14:42.290,1.96988,1.97037,1.50,1.29
2012.10.04 16:14:44.371,1.96988,1.97037,2.25,1.29
2012.10.04 16:14:44.710,1.96988,1.97032,1.50,3.15
2012.10.04 16:14:48.090,1.96988,1.97033,1.50,1.95
2012.10.04 16:14:48.151,1.96988,1.97033,2.25,1.95
2012.10.04 16:14:48.271,1.96979,1.97033,1.50,1.95
2012.10.04 16:14:48.331,1.96979,1.97025,1.50,1.52
2012.10.04 16:14:48.811,1.96979,1.97025,2.25,1.52
2012.10.04 16:14:48.931,1.96979,1.97033,2.25,1.23
2012.10.04 16:14:49.055,1.96979,1.97033,1.50,1.23
2012.10.04 16:14:54.652,1.96979,1.97032,1.50,2.25
2012.10.04 16:14:58.081,1.96979,1.97034,1.50,1.23
2012.10.04 16:14:59.560,1.96979,1.97034,2.25,1.23
2012.10.04 16:14:59.978,1.96988,1.97034,1.50,1.23
2012.10.04 16:15:00.045,1.96988,1.97042,1.50,1.73
2012.10.04 16:15:00.587,1.96988,1.97042,2.25,1.73
2012.10.04 16:15:01.039,1.96988,1.97042,1.50,1.73
2012.10.04 16:15:01.191,1.96988,1.97034,1.50,1.38
2012.10.04 16:15:01.521,1.96988,1.97043,2.25,2.25
2012.10.04 16:15:01.797,1.96988,1.97043,1.73,2.25
2012.10.04 16:15:02.922,1.96988,1.97042,1.50,2.78
2012.10.04 16:15:02.981,1.96986,1.97038,1.50,2.48
2012.10.04 16:15:03.101,1.96979,1.97038,1.50,2.48
2012.10.04 16:15:05.893,1.96979,1.97038,2.25,2.48
2012.10.04 16:15:06.034,1.96979,1.97038,2.48,2.48
2012.10.04 16:15:08.089,1.96979,1.97038,2.48,2.48
2012.10.04 16:15:09.856,1.96979,1.97038,2.48,2.48
2012.10.04 16:15:10.065,1.96979,1.97038,1.73,2.48
2012.10.04 16:15:10.150,1.96979,1.97033,1.73,2.10
2012.10.04 16:15:10.512,1.96979,1.97038,2.25,2.48
2012.10.04 16:15:10.631,1.96981,1.97038,1.50,2.25
2012.10.04 16:15:17.471,1.96981,1.97038,1.50,2.25
2012.10.04 16:15:22.827,1.96991,1.97043,1.73,1.95
2012.10.04 16:15:23.150,1.96979,1.97038,2.48,2.48
2012.10.04 16:15:23.210,1.96979,1.97038,2.48,2.48
2012.10.04 16:15:23.281,1.96979,1.97038,2.48,2.48
2012.10.04 16:15:27.053,1.96979,1.97032,2.48,2.55
2012.10.04 16:15:33.680,1.96979,1.97032,1.73,2.03
2012.10.04 16:15:33.740,1.96979,1.97032,1.50,2.25
2012.10.04 16:15:36.520,1.96979,1.97033,1.50,3.28
2012.10.04 16:15:36.580,1.96979,1.97027,1.50,1.52
2012.10.04 16:15:36.857,1.96976,1.97027,1.50,3.02
2012.10.04 16:15:36.947,1.96968,1.97027,1.50,3.02
2012.10.04 16:15:37.011,1.96968,1.97023,1.50,2.93
2012.10.04 16:15:37.930,1.96968,1.97022,1.50,1.88
2012.10.04 16:15:38.331,1.96968,1.9702,1.50,1.32
2012.10.04 16:15:39.950,1.96968,1.97022,1.50,2.40
2012.10.04 16:15:40.524,1.96968,1.97023,1.50,1.95
2012.10.04 16:15:41.340,1.96968,1.97022,1.50,2.25
2012.10.04 16:15:41.401,1.96968,1.97022,2.25,2.25
2012.10.04 16:15:42.052,1.96968,1.97027,2.25,2.48
2012.10.04 16:15:42.110,1.96968,1.97024,1.50,1.73
2012.10.04 16:15:42.231,1.96968,1.97022,1.50,2.70
2012.10.04 16:15:42.944,1.96968,1.97021,1.50,1.47
2012.10.04 16:15:43.950,1.96968,1.97012,1.50,2.33
2012.10.04 16:15:44.010,1.96964,1.97012,1.50,2.33
2012.10.04 16:15:44.070,1.96957,1.97012,1.50,2.33
2012.10.04 16:15:51.140,1.96957,1.97008,1.50,1.32
2012.10.04 16:15:54.190,1.96957,1.97008,2.25,1.32
2012.10.04 16:15:54.250,1.96957,1.97012,2.48,1.88
2012.10.04 16:15:58.366,1.96957,1.97012,1.73,1.88
2012.10.04 16:15:58.690,1.96957,1.97012,1.50,1.88
2012.10.04 16:15:58.961,1.96957,1.97003,1.50,1.80
2012.10.04 16:16:00.250,1.96966,1.97003,1.50,1.80
2012.10.04 16:16:00.430,1.96976,1.97014,1.50,1.32
2012.10.04 16:16:00.490,1.96978,1.97014,1.50,1.32
2012.10.04 16:16:00.550,1.96978,1.97022,1.50,2.70
2012.10.04 16:16:00.880,1.96985,1.97022,1.50,2.70
2012.10.04 16:16:01.236,1.96988,1.97022,1.50,1.95
2012.10.04 16:16:01.370,1.96977,1.97022,1.50,1.95
2012.10.04 16:16:01.520,1.96977,1.97032,1.50,1.38
2012.10.04 16:16:01.582,1.96977,1.97032,2.25,1.38
2012.10.04 16:16:01.761,1.96977,1.97037,2.48,2.48
2012.10.04 16:16:02.356,1.96986,1.97042,2.25,2.93
2012.10.04 16:16:04.180,1.96986,1.97033,2.25,2.78
2012.10.04 16:16:07.405,1.96986,1.97032,1.50,2.33
2012.10.04 16:16:15.181,1.96968,1.97024,1.73,1.50
2012.10.04 16:16:15.241,1.96968,1.97023,1.73,2.70
2012.10.04 16:16:15.360,1.96968,1.97021,1.50,1.52
2012.10.04 16:16:15.480,1.96968,1.97023,1.50,2.40
2012.10.04 16:16:15.540,1.96981,1.97023,1.50,2.40
2012.10.04 16:16:16.322,1.96981,1.97024,1.50,1.73
2012.10.04 16:16:16.451,1.96981,1.97032,1.50,2.40
2012.10.04 16:16:17.420,1.96981,1.97022,1.50,1.50
2012.10.04 16:16:17.773,1.96981,1.97021,1.50,1.23
2012.10.04 16:16:17.831,1.9697,1.97021,1.50,1.23
2012.10.04 16:16:17.891,1.9697,1.97022,1.73,2.40
2012.10.04 16:16:18.240,1.96979,1.97022,1.50,2.40
2012.10.04 16:16:18.361,1.96979,1.97032,1.50,2.10
2012.10.04 16:16:22.311,1.96979,1.97033,1.50,3.09
2012.10.04 16:16:23.068,1.96979,1.97033,2.25,3.09
2012.10.04 16:16:23.672,1.96979,1.97032,2.48,1.88
2012.10.04 16:16:24.050,1.96979,1.97032,1.73,1.88
2012.10.04 16:16:24.191,1.96979,1.97033,2.48,2.18
2012.10.04 16:16:24.526,1.9699,1.97033,1.50,2.18
2012.10.04 16:16:28.210,1.96977,1.97033,1.73,1.88
2012.10.04 16:16:28.271,1.96977,1.97022,1.50,1.95
2012.10.04 16:16:29.700,1.96977,1.97033,1.50,3.76
2012.10.04 16:16:29.761,1.96987,1.97033,1.50,3.76
2012.10.04 16:16:32.703,1.96984,1.97033,1.50,3.76
2012.10.04 16:16:32.820,1.96977,1.97033,1.50,3.76
2012.10.04 16:16:34.493,1.96977,1.97022,1.50,1.73
2012.10.04 16:16:34.981,1.96977,1.97026,2.25,1.34
2012.10.04 16:16:35.362,1.97005,1.97033,2.25,2.78
2012.10.04 16:16:36.034,1.97005,1.97061,2.25,1.23
2012.10.04 16:16:36.092,1.97013,1.97062,1.50,1.73
2012.10.04 16:16:36.151,1.97017,1.97068,1.50,1.23
2012.10.04 16:16:36.681,1.97017,1.97063,1.50,1.73
2012.10.04 16:16:37.002,1.97006,1.97054,1.50,1.73
2012.10.04 16:16:37.670,1.97006,1.97063,2.25,3.24
2012.10.04 16:16:37.870,1.97006,1.97063,2.25,1.59
2012.10.04 16:16:37.991,1.97006,1.97067,2.48,2.48
2012.10.04 16:16:38.594,1.97014,1.97067,2.25,2.48
2012.10.04 16:16:38.728,1.97016,1.97068,2.25,1.52
2012.10.04 16:16:39.816,1.97016,1.97068,2.25,1.52
2012.10.04 16:16:40.080,1.97016,1.97076,2.48,2.48
2012.10.04 16:16:43.161,1.97016,1.97074,2.48,1.73
2012.10.04 16:16:43.220,1.97016,1.97073,2.25,1.29
2012.10.04 16:16:45.096,1.97007,1.97065,1.73,1.73
2012.10.04 16:16:45.311,1.97007,1.97063,1.50,1.27
2012.10.04 16:16:45.630,1.97007,1.97063,2.25,1.27
2012.10.04 16:16:45.690,1.97007,1.97063,1.50,1.27
2012.10.04 16:16:45.750,1.97007,1.97064,1.73,1.73
2012.10.04 16:16:45.831,1.97007,1.97063,1.50,1.41
2012.10.04 16:16:46.164,1.97007,1.97063,2.25,1.36
2012.10.04 16:16:46.221,1.97007,1.97063,1.50,1.36
2012.10.04 16:16:46.341,1.97007,1.97063,2.25,1.36
2012.10.04 16:16:46.741,1.97007,1.97063,1.50,1.36
2012.10.04 16:16:52.093,1.97007,1.97062,2.25,1.61
2012.10.04 16:16:52.171,1.97007,1.97066,2.48,2.48
2012.10.04 16:16:52.872,1.97007,1.97064,1.73,1.73
2012.10.04 16:16:53.173,1.97007,1.97063,1.50,1.20
2012.10.04 16:16:53.626,1.97007,1.97063,2.25,1.20
2012.10.04 16:16:53.680,1.97007,1.97066,2.48,2.48
2012.10.04 16:16:54.841,1.97007,1.97064,1.73,1.73
2012.10.04 16:16:55.276,1.97007,1.97066,2.48,2.48
2012.10.04 16:16:56.995,1.97021,1.97069,1.50,2.25
2012.10.04 16:16:57.232,1.97021,1.9708,2.25,2.00
2012.10.04 16:16:57.352,1.97021,1.97075,1.50,1.56
2012.10.04 16:16:59.092,1.97021,1.97075,2.25,1.56
2012.10.04 16:16:59.241,1.97021,1.97075,1.50,1.73
2012.10.04 16:16:59.361,1.97021,1.97076,2.25,1.45
2012.10.04 16:16:59.720,1.97031,1.97084,1.50,1.73
2012.10.04 16:17:01.312,1.97031,1.97087,2.25,1.45
2012.10.04 16:17:01.640,1.97031,1.97084,1.50,1.73
2012.10.04 16:17:01.752,1.97031,1.97087,2.25,1.45
2012.10.04 16:17:01.901,1.97031,1.97083,1.50,3.15
2012.10.04 16:17:01.982,1.97031,1.9708,1.50,1.23
2012.10.04 16:17:02.701,1.97031,1.97074,1.50,1.73
2012.10.04 16:17:05.211,1.97031,1.97073,1.50,1.73
2012.10.04 16:17:05.762,1.97031,1.97075,1.50,2.25
2012.10.04 16:17:06.481,1.97027,1.97075,1.50,2.25
2012.10.04 16:17:06.540,1.97021,1.97075,1.50,2.25
2012.10.04 16:17:06.654,1.9703,1.97075,1.50,2.25
2012.10.04 16:17:13.411,1.9703,1.97087,1.50,1.41
2012.10.04 16:17:13.600,1.9703,1.97091,2.25,2.16
2012.10.04 16:17:13.963,1.9703,1.97087,1.50,1.41
2012.10.04 16:17:14.365,1.9703,1.97091,2.25,2.16
2012.10.04 16:17:14.584,1.9703,1.97087,1.50,1.41
2012.10.04 16:17:14.812,1.9703,1.97091,2.25,2.16
2012.10.04 16:17:14.920,1.9703,1.97087,1.50,1.41
2012.10.04 16:17:15.685,1.9703,1.97091,2.25,2.16
2012.10.04 16:17:15.906,1.9703,1.97087,1.50,1.41
2012.10.04 16:17:16.132,1.9703,1.97091,2.25,2.16
2012.10.04 16:17:16.600,1.9703,1.97087,1.50,1.41
2012.10.04 16:17:17.666,1.9703,1.97091,2.25,2.16
2012.10.04 16:17:17.996,1.9703,1.97087,1.50,1.41
2012.10.04 16:17:18.114,1.9703,1.97091,2.25,2.16
2012.10.04 16:17:18.438,1.9703,1.97087,1.50,1.41
2012.10.04 16:17:18.551,1.9703,1.97091,2.25,2.16
2012.10.04 16:17:19.616,1.9703,1.97087,1.50,1.41
2012.10.04 16:17:19.865,1.9703,1.97091,2.25,2.16
2012.10.04 16:17:20.131,1.9703,1.97087,1.50,1.41
2012.10.04 16:17:20.971,1.9703,1.97091,2.25,2.16
2012.10.04 16:17:21.076,1.9703,1.97087,1.50,1.41
2012.10.04 16:17:21.241,1.9703,1.97091,2.25,2.16
2012.10.04 16:17:22.041,1.9703,1.97091,2.48,2.48
2012.10.04 16:17:22.259,1.9703,1.97091,1.73,2.48
2012.10.04 16:17:22.373,1.9703,1.97091,2.48,1.73
2012.10.04 16:17:22.585,1.9703,1.97091,1.73,1.73
2012.10.04 16:17:22.919,1.9703,1.97091,2.48,1.73
2012.10.04 16:17:25.123,1.9703,1.97091,1.73,1.73
2012.10.04 16:17:25.561,1.9703,1.97091,2.48,1.73
2012.10.04 16:17:25.924,1.9703,1.97091,1.73,1.73
2012.10.04 16:17:26.660,1.97032,1.97093,1.50,2.91
2012.10.04 16:17:27.102,1.97032,1.97093,2.25,2.91
2012.10.04 16:17:27.281,1.97045,1.97102,1.56,2.25
2012.10.04 16:17:27.401,1.97043,1.97102,2.48,2.48
2012.10.04 16:17:27.464,1.97043,1.97102,2.48,4.50
2012.10.04 16:17:27.810,1.97043,1.97092,1.50,2.60
2012.10.04 16:17:27.990,1.97043,1.97102,2.48,2.48
2012.10.04 16:17:29.193,1.97043,1.97102,2.48,2.48
2012.10.04 16:17:29.263,1.97045,1.97102,1.25,2.25
2012.10.04 16:17:32.586,1.97045,1.97102,1.25,2.25
2012.10.04 16:17:32.761,1.97043,1.97102,2.48,2.48
2012.10.04 16:17:33.590,1.97043,1.97102,2.48,2.48
2012.10.04 16:17:33.710,1.97045,1.97102,1.41,2.25
2012.10.04 16:17:35.891,1.97045,1.97102,1.41,2.25
2012.10.04 16:17:36.071,1.97043,1.97102,2.48,2.48
2012.10.04 16:17:37.095,1.97043,1.97073,2.48,2.18
2012.10.04 16:17:39.140,1.97043,1.97073,2.48,2.18
2012.10.04 16:17:39.201,1.97043,1.97102,2.48,4.13
2012.10.04 16:17:41.151,1.97053,1.97103,2.48,1.50
2012.10.04 16:17:41.630,1.97063,1.97103,1.50,1.50
2012.10.04 16:17:41.813,1.97063,1.97113,1.50,2.10
2012.10.04 16:17:41.872,1.97063,1.97113,2.25,2.10
2012.10.04 16:17:42.495,1.97075,1.97112,1.50,2.18
2012.10.04 16:17:42.551,1.97075,1.97123,1.50,2.70
2012.10.04 16:17:42.610,1.97075,1.97127,2.25,1.54
2012.10.04 16:17:42.730,1.97075,1.97133,2.48,2.55
2012.10.04 16:17:43.462,1.97075,1.97132,2.48,2.25
2012.10.04 16:17:44.504,1.97075,1.97133,2.48,2.25
2012.10.04 16:17:45.993,1.97075,1.97132,2.48,2.48
2012.10.04 16:17:46.771,1.97075,1.97133,2.48,2.78
2012.10.04 16:17:47.143,1.97075,1.97133,2.48,3.00
2012.10.04 16:17:47.201,1.97075,1.97122,2.25,2.70
2012.10.04 16:17:47.561,1.97085,1.97132,1.50,1.80
2012.10.04 16:17:48.350,1.97085,1.97132,2.25,2.33
2012.10.04 16:17:49.711,1.97094,1.97132,1.23,1.65
2012.10.04 16:17:49.771,1.97094,1.97143,1.23,1.50
2012.10.04 16:17:50.869,1.97094,1.97152,1.23,2.33
2012.10.04 16:17:51.322,1.97104,1.97162,2.48,2.55
2012.10.04 16:17:51.381,1.97115,1.97162,2.25,2.55
2012.10.04 16:17:52.078,1.97115,1.97152,2.48,2.48
2012.10.04 16:17:52.141,1.97115,1.97152,2.48,2.48
2012.10.04 16:17:53.581,1.97105,1.97153,2.48,2.03
2012.10.04 16:17:54.761,1.97105,1.97152,2.48,2.55
2012.10.04 16:17:56.110,1.97105,1.97153,2.48,2.18
2012.10.04 16:17:56.845,1.97105,1.97152,2.48,1.73
2012.10.04 16:17:56.964,1.97105,1.97142,2.48,2.55
2012.10.04 16:17:57.582,1.97105,1.97142,1.73,2.55
2012.10.04 16:17:57.761,1.97105,1.97142,1.50,2.18
2012.10.04 16:17:57.823,1.97105,1.97142,2.25,2.18
2012.10.04 16:17:57.883,1.97105,1.97153,2.25,1.95
2012.10.04 16:18:01.541,1.97105,1.97162,2.48,3.00
2012.10.04 16:18:04.840,1.97105,1.97162,1.73,3.00
2012.10.04 16:18:04.903,1.97105,1.97152,1.73,1.73
2012.10.04 16:18:05.267,1.97097,1.97143,1.73,2.18
2012.10.04 16:18:05.331,1.97096,1.97143,2.25,2.40
2012.10.04 16:18:05.715,1.97096,1.97142,2.48,2.25
2012.10.04 16:18:06.053,1.97096,1.97143,2.48,1.58
2012.10.04 16:18:07.060,1.97096,1.97123,2.48,2.03
2012.10.04 16:18:07.401,1.97096,1.97123,1.73,2.03
2012.10.04 16:18:07.531,1.97096,1.97142,1.73,1.73
2012.10.04 16:18:07.591,1.97096,1.97142,1.50,1.95
2012.10.04 16:18:07.650,1.97086,1.97142,2.48,1.95
2012.10.04 16:18:07.710,1.97086,1.97133,2.48,1.95
2012.10.04 16:18:07.930,1.97086,1.97143,2.48,2.40
2012.10.04 16:18:09.033,1.97086,1.97143,2.48,2.40
2012.10.04 16:18:09.401,1.97086,1.97143,2.04,1.65
2012.10.04 16:18:09.580,1.97086,1.97143,1.73,1.88
2012.10.04 16:18:09.821,1.97086,1.97143,1.73,1.88
2012.10.04 16:18:10.126,1.97086,1.97143,2.48,3.00
2012.10.04 16:18:10.743,1.97096,1.97142,1.50,1.58
2012.10.04 16:18:15.170,1.97096,1.97152,1.50,1.45
2012.10.04 16:18:15.230,1.97112,1.97152,1.50,1.45
2012.10.04 16:18:15.292,1.97112,1.97162,1.50,2.93
2012.10.04 16:18:15.543,1.97112,1.97153,1.50,2.40
2012.10.04 16:18:16.111,1.97112,1.97152,2.25,2.18
2012.10.04 16:18:16.422,1.97121,1.97152,2.25,2.18
2012.10.04 16:18:16.481,1.97121,1.97163,2.25,1.80
2012.10.04 16:18:16.545,1.97121,1.97163,1.50,1.80
2012.10.04 16:18:16.661,1.97121,1.97163,2.25,1.80
2012.10.04 16:18:17.021,1.97121,1.97153,1.50,1.50
2012.10.04 16:18:17.151,1.97121,1.97163,2.25,1.80
2012.10.04 16:18:17.762,1.97121,1.97163,1.50,2.33
2012.10.04 16:18:18.141,1.97112,1.97152,1.73,2.55
2012.10.04 16:18:18.201,1.97112,1.97152,1.50,2.55
2012.10.04 16:18:18.440,1.97103,1.97152,2.25,2.55
2012.10.04 16:18:18.548,1.97103,1.97143,2.25,1.80
2012.10.04 16:18:18.911,1.97103,1.97143,1.50,1.80
2012.10.04 16:18:19.031,1.97093,1.97143,2.48,1.80
2012.10.04 16:18:19.091,1.97093,1.97143,2.25,1.80
2012.10.04 16:18:19.512,1.97093,1.97143,2.48,1.80
2012.10.04 16:18:19.901,1.97093,1.97132,1.73,2.55
2012.10.04 16:18:19.972,1.97093,1.97132,1.50,2.55
2012.10.04 16:18:24.114,1.97093,1.97132,2.25,2.55
2012.10.04 16:18:24.496,1.97093,1.97142,2.25,2.03
2012.10.04 16:18:25.511,1.97093,1.97142,2.48,1.80
2012.10.04 16:18:25.771,1.97093,1.97142,2.48,1.80
2012.10.04 16:18:25.891,1.97093,1.97142,2.48,1.80
2012.10.04 16:18:26.011,1.971,1.97152,1.36,2.25
2012.10.04 16:18:26.531,1.97103,1.97152,2.48,2.78
2012.10.04 16:18:27.051,1.97103,1.97123,1.73,2.93
2012.10.04 16:18:27.306,1.97103,1.97123,2.48,2.93
2012.10.04 16:18:27.921,1.97103,1.97152,2.25,2.25
2012.10.04 16:18:28.012,1.97103,1.97143,2.25,1.65
2012.10.04 16:18:33.575,1.97092,1.97143,2.48,2.93
2012.10.04 16:18:34.235,1.97092,1.97143,2.48,2.93
2012.10.04 16:18:34.471,1.97092,1.97143,2.48,1.50
2012.10.04 16:18:35.164,1.97092,1.97142,2.48,2.33
2012.10.04 16:18:35.682,1.97092,1.97143,2.48,2.10
2012.10.04 16:18:36.215,1.97092,1.97143,2.48,2.33
2012.10.04 16:18:36.450,1.97087,1.97143,1.25,3.45
2012.10.04 16:18:37.075,1.97087,1.97142,1.25,2.40
2012.10.04 16:18:37.412,1.97087,1.97123,1.25,2.33
2012.10.04 16:18:37.661,1.97087,1.97142,1.25,2.70
2012.10.04 16:18:38.894,1.97087,1.97143,1.25,3.83
2012.10.04 16:18:39.702,1.97087,1.97142,1.25,2.70
2012.10.04 16:18:40.244,1.97087,1.97142,1.25,2.70
2012.10.04 16:18:40.391,1.97095,1.97142,2.48,2.70
2012.10.04 16:18:40.943,1.97095,1.97142,2.25,2.93
2012.10.04 16:18:41.564,1.97086,1.97143,1.50,2.33
2012.10.04 16:18:41.691,1.97085,1.97143,2.25,2.55
2012.10.04 16:18:41.750,1.97085,1.97132,2.25,2.10
2012.10.04 16:18:44.441,1.97075,1.97132,2.48,1.50
2012.10.04 16:18:44.881,1.97075,1.97132,2.48,1.50
2012.10.04 16:18:45.000,1.97085,1.97132,2.25,1.50
2012.10.04 16:18:45.945,1.97085,1.97133,2.25,1.80
2012.10.04 16:18:46.450,1.97085,1.97133,2.25,1.80
2012.10.04 16:18:46.972,1.97085,1.97133,2.25,1.80
2012.10.04 16:18:47.181,1.97085,1.97133,2.25,2.55
2012.10.04 16:18:47.961,1.97085,1.97133,2.48,1.73
2012.10.04 16:18:48.680,1.97085,1.97133,2.48,1.73
2012.10.04 16:18:49.132,1.97085,1.97133,2.48,1.73
2012.10.04 16:18:49.706,1.97085,1.97132,2.48,1.65
2012.10.04 16:18:50.432,1.97085,1.97133,2.48,2.78
2012.10.04 16:18:53.350,1.97085,1.97133,2.48,2.70
2012.10.04 16:18:53.470,1.97085,1.97133,2.25,2.70
2012.10.04 16:18:56.042,1.97085,1.97122,2.25,2.70
2012.10.04 16:18:56.270,1.97085,1.97132,2.25,1.73
2012.10.04 16:18:56.411,1.97085,1.97123,2.25,2.85
2012.10.04 16:18:57.025,1.97085,1.97113,2.25,2.63
2012.10.04 16:19:03.573,1.97085,1.97113,2.25,1.73
2012.10.04 16:19:03.773,1.97085,1.97143,2.48,2.40
2012.10.04 16:19:04.571,1.97085,1.97143,2.48,2.40
2012.10.04 16:19:04.633,1.97085,1.97132,2.48,2.85
2012.10.04 16:19:04.875,1.97085,1.97133,2.25,2.33
2012.10.04 16:19:05.124,1.97081,1.97133,1.63,2.10
2012.10.04 16:19:05.434,1.97081,1.97141,1.63,2.25
2012.10.04 16:19:06.155,1.97081,1.97133,1.45,2.48
2012.10.04 16:19:07.081,1.97081,1.97113,1.45,2.10
2012.10.04 16:19:07.140,1.97081,1.97113,1.45,2.10
2012.10.04 16:19:07.658,1.97081,1.97113,1.45,2.10
2012.10.04 16:19:07.930,1.97081,1.97141,1.45,2.25
2012.10.04 16:19:08.401,1.97093,1.97133,2.25,2.85
2012.10.04 16:19:08.621,1.97093,1.97143,2.25,2.70
2012.10.04 16:19:09.854,1.97093,1.97142,1.50,2.25
2012.10.04 16:19:09.911,1.97093,1.97132,1.50,2.25
2012.10.04 16:19:11.571,1.9708,1.97132,2.25,2.48
2012.10.04 16:19:12.871,1.9708,1.97132,2.25,2.48
2012.10.04 16:19:13.421,1.97091,1.97132,1.50,2.33
2012.10.04 16:19:14.009,1.97091,1.97133,1.50,2.93
2012.10.04 16:19:16.466,1.97091,1.97123,1.50,1.58
2012.10.04 16:19:16.721,1.97081,1.97123,1.50,1.58
2012.10.04 16:19:16.902,1.97081,1.97123,2.25,1.58
2012.10.04 16:19:17.171,1.9709,1.97132,1.50,3.00
2012.10.04 16:19:17.291,1.9709,1.97113,1.50,2.63
2012.10.04 16:19:17.652,1.9709,1.97113,2.25,2.63
2012.10.04 16:19:18.853,1.9709,1.97113,1.50,2.63
2012.10.04 16:19:18.911,1.9709,1.97122,1.50,2.85
2012.10.04 16:19:18.971,1.97081,1.97122,1.73,2.85
2012.10.04 16:19:19.033,1.97081,1.97122,1.50,2.85
2012.10.04 16:19:21.062,1.97081,1.97123,1.50,1.95
2012.10.04 16:19:22.880,1.97081,1.97132,2.25,2.18
2012.10.04 16:19:23.671,1.97081,1.97133,2.25,2.78
2012.10.04 16:19:23.852,1.97081,1.97133,1.50,2.78
2012.10.04 16:19:24.140,1.97081,1.97123,1.50,2.33
2012.10.04 16:19:24.785,1.97081,1.97122,1.50,2.25
2012.10.04 16:19:27.034,1.97081,1.97113,1.50,1.95
2012.10.04 16:19:27.107,1.97081,1.97122,1.50,1.88
2012.10.04 16:19:28.617,1.97081,1.97113,1.50,1.95
2012.10.04 16:19:29.390,1.97081,1.97113,2.25,1.95
2012.10.04 16:19:29.458,1.97081,1.97123,2.25,1.50
2012.10.04 16:19:30.103,1.97081,1.97123,1.50,1.50
2012.10.04 16:19:32.011,1.97081,1.97133,1.50,2.33
2012.10.04 16:19:32.561,1.97081,1.97133,2.25,2.70
2012.10.04 16:19:34.174,1.97081,1.97133,1.50,2.70
2012.10.04 16:19:36.263,1.97081,1.97133,2.25,2.70
2012.10.04 16:19:37.108,1.97081,1.97113,2.25,2.03
2012.10.04 16:19:38.314,1.97081,1.97112,2.25,1.65
2012.10.04 16:19:38.370,1.97081,1.97112,1.50,1.65
2012.10.04 16:19:38.430,1.97081,1.97102,1.50,2.03
2012.10.04 16:19:38.490,1.97069,1.97102,1.50,2.03
2012.10.04 16:19:38.962,1.9708,1.97118,1.50,1.34
2012.10.04 16:19:39.024,1.9708,1.97122,1.50,2.33
2012.10.04 16:19:39.660,1.9708,1.97112,1.50,2.33
2012.10.04 16:19:40.297,1.9708,1.97113,1.50,2.63
2012.10.04 16:19:47.090,1.9708,1.97103,1.50,1.73
2012.10.04 16:19:55.870,1.9708,1.97124,1.50,1.73
2012.10.04 16:19:55.930,1.9708,1.97128,2.25,1.25
2012.10.04 16:19:56.170,1.9708,1.97132,2.25,2.33
2012.10.04 16:19:57.003,1.9708,1.97133,2.25,2.70
2012.10.04 16:20:04.161,1.97081,1.97133,1.50,2.70
2012.10.04 16:20:04.701,1.97081,1.97132,1.50,3.15
2012.10.04 16:20:05.732,1.97081,1.97125,1.50,1.73
2012.10.04 16:20:06.380,1.97081,1.97123,1.50,1.73
2012.10.04 16:20:08.262,1.97081,1.97122,1.50,2.18
2012.10.04 16:20:08.680,1.97081,1.97132,1.50,3.00
2012.10.04 16:20:09.220,1.97081,1.97133,1.50,1.95
2012.10.04 16:20:09.891,1.97081,1.97132,1.50,2.03
2012.10.04 16:20:09.982,1.97081,1.97132,2.25,2.03
2012.10.04 16:20:10.083,1.97081,1.97132,1.50,2.03
2012.10.04 16:20:12.832,1.97081,1.97132,2.25,2.03
2012.10.04 16:20:17.342,1.97081,1.97125,1.50,1.50
2012.10.04 16:20:17.400,1.97081,1.97122,1.50,1.95
2012.10.04 16:20:17.520,1.97071,1.97122,1.50,2.18
2012.10.04 16:20:17.580,1.97071,1.97112,1.50,1.50
2012.10.04 16:20:17.761,1.9706,1.97105,1.73,1.50
2012.10.04 16:20:17.821,1.9706,1.97105,1.50,1.73
2012.10.04 16:20:18.070,1.9706,1.97103,1.50,2.63
2012.10.04 16:20:22.133,1.9706,1.97103,2.25,2.63
2012.10.04 16:20:22.316,1.9706,1.97112,1.73,2.63
2012.10.04 16:20:22.593,1.9706,1.97102,1.50,1.73
2012.10.04 16:20:25.344,1.9706,1.97093,1.50,1.73
2012.10.04 16:20:25.521,1.97048,1.97093,2.48,2.55
2012.10.04 16:20:26.062,1.97048,1.97102,2.48,1.73
2012.10.04 16:20:27.050,1.97048,1.97103,2.48,1.88
2012.10.04 16:20:27.173,1.97048,1.97103,1.73,1.88
2012.10.04 16:20:27.301,1.97048,1.97103,2.48,1.88
2012.10.04 16:20:27.773,1.97059,1.97103,1.50,2.63
2012.10.04 16:20:29.352,1.97049,1.97103,2.48,2.40
2012.10.04 16:20:30.713,1.97049,1.97093,2.48,2.18
2012.10.04 16:20:30.934,1.97049,1.97103,2.48,1.50
2012.10.04 16:20:31.160,1.97058,1.97102,1.50,2.48
2012.10.04 16:20:32.375,1.97058,1.97103,1.50,2.93
2012.10.04 16:20:32.798,1.97058,1.97103,2.25,2.03
2012.10.04 16:20:32.861,1.97058,1.97103,1.50,2.03
2012.10.04 16:20:38.711,1.97058,1.97113,1.50,2.48
2012.10.04 16:20:39.920,1.97058,1.97113,2.25,1.95
2012.10.04 16:20:40.380,1.97048,1.97109,2.48,2.48
2012.10.04 16:20:42.321,1.97048,1.97105,1.73,1.50
2012.10.04 16:20:42.452,1.97046,1.97099,1.73,1.50
2012.10.04 16:20:42.510,1.97046,1.97099,1.50,1.50
2012.10.04 16:20:42.631,1.97038,1.97099,2.48,2.25
2012.10.04 16:20:43.184,1.97038,1.97099,2.48,2.48
2012.10.04 16:20:44.483,1.97038,1.97099,2.48,2.48
2012.10.04 16:20:45.388,1.97038,1.97099,2.48,2.48
2012.10.04 16:20:45.963,1.97038,1.97099,2.48,2.48
2012.10.04 16:20:46.552,1.97038,1.97099,2.48,2.48
2012.10.04 16:20:46.811,1.97049,1.9711,2.48,2.48
2012.10.04 16:20:47.111,1.97049,1.9711,2.48,2.48
2012.10.04 16:20:47.471,1.97049,1.97102,1.50,2.10
2012.10.04 16:20:47.666,1.97049,1.97102,2.25,2.10
2012.10.04 16:20:47.736,1.97049,1.9711,2.48,2.25
2012.10.04 16:20:47.921,1.97049,1.97102,1.73,2.33
2012.10.04 16:20:47.981,1.97049,1.97102,1.50,2.55
2012.10.04 16:20:48.040,1.97039,1.971,2.85,2.48
2012.10.04 16:20:50.641,1.97039,1.971,2.48,2.48
2012.10.04 16:20:50.761,1.97039,1.971,2.48,1.73
2012.10.04 16:20:51.833,1.97042,1.971,1.27,1.50
2012.10.04 16:20:52.081,1.9705,1.97111,2.48,2.48
2012.10.04 16:20:52.140,1.9705,1.97111,2.48,2.48
2012.10.04 16:20:56.982,1.9705,1.97111,2.48,2.48
2012.10.04 16:20:57.640,1.9705,1.97111,2.48,2.48
2012.10.04 16:20:57.700,1.9705,1.97111,2.48,2.48
2012.10.04 16:20:57.882,1.9705,1.97109,2.25,1.32
2012.10.04 16:20:58.050,1.9705,1.97111,2.48,2.48
2012.10.04 16:21:02.451,1.9705,1.97104,1.50,1.73
2012.10.04 16:21:02.821,1.9705,1.97102,1.50,2.93
2012.10.04 16:21:02.949,1.9705,1.97109,1.50,1.23
2012.10.04 16:21:03.112,1.9705,1.97109,2.25,1.23
2012.10.04 16:21:03.170,1.9705,1.97111,2.48,2.48
2012.10.04 16:21:03.290,1.9705,1.97111,2.48,1.73
2012.10.04 16:21:03.350,1.9705,1.97111,1.73,1.73
2012.10.04 16:21:03.421,1.9705,1.97111,1.73,2.48
2012.10.04 16:21:03.483,1.9705,1.97108,1.50,1.36
2012.10.04 16:21:03.720,1.9705,1.97111,2.48,2.48
2012.10.04 16:21:08.051,1.9705,1.97111,2.48,2.48
2012.10.04 16:21:08.230,1.9706,1.97111,1.61,1.50
2012.10.04 16:21:08.291,1.97061,1.97119,2.48,2.25
2012.10.04 16:21:11.100,1.97076,1.97119,1.50,1.50
2012.10.04 16:21:11.160,1.97078,1.97119,1.50,1.50
2012.10.04 16:21:11.340,1.97078,1.97131,1.73,1.50
2012.10.04 16:21:17.121,1.97078,1.97131,1.73,1.50
2012.10.04 16:21:19.475,1.97078,1.97119,1.73,1.50
2012.10.04 16:21:20.591,1.97078,1.97119,1.50,1.50
2012.10.04 16:21:20.711,1.97077,1.97133,1.73,1.88
2012.10.04 16:21:21.151,1.97078,1.97133,1.73,1.50
2012.10.04 16:21:25.301,1.97096,1.97133,1.50,1.50
2012.10.04 16:21:25.641,1.97098,1.97143,1.88,1.73
2012.10.04 16:21:25.701,1.97098,1.97143,1.88,1.50
2012.10.04 16:21:26.021,1.97096,1.97143,1.50,1.50
2012.10.04 16:21:27.111,1.97097,1.97143,1.88,1.50
2012.10.04 16:21:27.981,1.97098,1.97143,2.10,1.50
2012.10.04 16:21:28.100,1.97096,1.97143,1.50,1.50
2012.10.04 16:21:28.710,1.97096,1.97143,1.50,1.50
2012.10.04 16:21:30.274,1.97097,1.97143,2.85,1.50
2012.10.04 16:21:30.715,1.97096,1.97143,1.50,1.50
2012.10.04 16:21:31.320,1.97097,1.97143,1.95,1.50
2012.10.04 16:21:31.380,1.97095,1.97143,1.50,1.50
2012.10.04 16:21:31.592,1.97098,1.97143,2.03,1.50
2012.10.04 16:21:31.812,1.97095,1.97143,1.50,1.50
2012.10.04 16:21:31.923,1.97097,1.97143,2.63,1.50
2012.10.04 16:21:33.651,1.97107,1.97143,1.50,1.50
2012.10.04 16:21:33.891,1.97097,1.97143,1.80,1.50
2012.10.04 16:21:34.130,1.97107,1.97154,1.50,1.73
2012.10.04 16:21:34.250,1.97108,1.97154,1.50,1.50
2012.10.04 16:21:34.310,1.97098,1.97154,3.08,1.50
2012.10.04 16:21:34.444,1.97098,1.97154,2.85,1.73
2012.10.04 16:21:35.249,1.97098,1.97144,2.85,1.50
2012.10.04 16:21:35.311,1.97097,1.97157,2.63,2.22
2012.10.04 16:21:37.061,1.97107,1.97157,2.48,2.22
2012.10.04 16:21:40.011,1.97116,1.97157,1.50,1.50
2012.10.04 16:21:40.281,1.97098,1.97146,1.80,1.50
2012.10.04 16:21:40.631,1.97108,1.97146,1.50,1.50
2012.10.04 16:21:40.751,1.97115,1.97158,1.50,1.73
2012.10.04 16:21:40.812,1.97108,1.97158,1.50,1.73
2012.10.04 16:21:40.930,1.97098,1.97158,2.33,1.73
2012.10.04 16:21:40.991,1.97098,1.97158,2.10,2.38
2012.10.04 16:21:41.295,1.97115,1.97158,1.50,1.50
2012.10.04 16:21:42.481,1.97105,1.97158,1.50,1.50
2012.10.04 16:21:42.761,1.97097,1.97158,3.45,2.02
2012.10.04 16:21:43.852,1.97105,1.97147,1.50,1.50
2012.10.04 16:21:45.591,1.97097,1.97147,2.85,1.50
2012.10.04 16:21:45.711,1.97097,1.97147,2.85,1.73
2012.10.04 16:21:47.039,1.97108,1.97147,2.40,1.73
2012.10.04 16:21:50.542,1.97098,1.97147,2.33,1.73
2012.10.04 16:21:50.660,1.97108,1.97147,1.50,1.50
2012.10.04 16:21:51.131,1.97108,1.97159,1.50,1.73
2012.10.04 16:21:53.438,1.97108,1.97159,1.73,1.50
2012.10.04 16:21:53.500,1.97108,1.97159,1.50,1.73
2012.10.04 16:21:53.911,1.97108,1.97159,1.50,1.73
2012.10.04 16:21:54.264,1.97109,1.97168,2.25,1.73
2012.10.04 16:21:54.382,1.97126,1.97168,1.50,1.50
2012.10.04 16:21:54.969,1.97126,1.97168,1.50,1.50
2012.10.04 16:21:55.211,1.97126,1.97158,1.50,1.50
2012.10.04 16:21:55.560,1.97126,1.9717,1.50,1.50
2012.10.04 16:21:57.063,1.97126,1.9717,1.50,1.50
2012.10.04 16:21:58.934,1.97118,1.9717,1.50,1.50
2012.10.04 16:21:58.990,1.97118,1.9717,1.50,1.73
2012.10.04 16:21:59.733,1.97126,1.9717,1.50,1.73
2012.10.04 16:21:59.975,1.97126,1.9717,1.50,1.50
2012.10.04 16:22:03.291,1.97128,1.9717,1.50,1.50
2012.10.04 16:22:03.531,1.97138,1.97195,1.63,1.50
2012.10.04 16:22:03.651,1.97138,1.97195,1.63,2.25
2012.10.04 16:22:03.711,1.97137,1.97185,1.63,1.88
2012.10.04 16:22:03.890,1.97127,1.97185,2.78,2.10
2012.10.04 16:22:04.425,1.97125,1.97185,3.00,2.10
2012.10.04 16:22:04.700,1.97125,1.97172,1.50,1.50
2012.10.04 16:22:04.821,1.97117,1.97172,1.73,1.50
2012.10.04 16:22:04.940,1.97114,1.97172,2.25,1.73
2012.10.04 16:22:05.889,1.97107,1.97164,1.73,1.50
2012.10.04 16:22:12.601,1.97107,1.97164,1.73,1.50
2012.10.04 16:22:12.761,1.97107,1.97156,1.73,1.50
2012.10.04 16:22:13.121,1.97097,1.97142,2.63,1.73
2012.10.04 16:22:13.183,1.97088,1.97142,1.50,1.73
2012.10.04 16:22:17.557,1.97095,1.97142,1.50,1.73
2012.10.04 16:22:17.681,1.97082,1.97142,2.48,2.48
2012.10.04 16:22:17.741,1.97082,1.97142,2.25,3.04
2012.10.04 16:22:17.861,1.97082,1.97133,1.50,2.10
2012.10.04 16:22:17.981,1.97071,1.97124,2.48,1.50
2012.10.04 16:22:18.101,1.97065,1.9712,1.36,1.50
2012.10.04 16:22:18.581,1.97061,1.9712,2.48,1.50
2012.10.04 16:22:18.641,1.97061,1.9712,2.25,1.73
2012.10.04 16:22:22.431,1.9705,1.97111,2.48,1.73
2012.10.04 16:22:22.556,1.9705,1.97111,2.25,2.20
2012.10.04 16:22:28.401,1.97038,1.97099,3.23,1.73
2012.10.04 16:22:33.362,1.97038,1.97099,3.23,1.73
2012.10.04 16:22:33.798,1.97049,1.9711,2.48,1.73
2012.10.04 16:22:38.142,1.97049,1.9711,2.48,1.73
2012.10.04 16:22:38.261,1.97049,1.9711,2.48,1.73
2012.10.04 16:22:38.493,1.97049,1.9711,2.48,1.50
2012.10.04 16:22:38.613,1.97061,1.97122,1.50,3.54
2012.10.04 16:22:39.004,1.97061,1.97122,2.25,2.79
2012.10.04 16:22:39.273,1.97048,1.97107,3.23,1.50
2012.10.04 16:22:39.591,1.97048,1.97107,3.00,1.73
2012.10.04 16:22:39.921,1.97048,1.97107,2.25,1.73
2012.10.04 16:22:39.980,1.97048,1.97107,2.82,1.50
2012.10.04 16:22:40.100,1.97048,1.97107,3.57,1.50
2012.10.04 16:22:40.161,1.97067,1.9712,1.23,1.50
2012.10.04 16:22:40.701,1.9706,1.9712,1.27,1.50
2012.10.04 16:22:40.880,1.97059,1.9712,2.75,1.50
2012.10.04 16:22:42.072,1.97059,1.9712,2.75,1.50
2012.10.04 16:22:42.670,1.97071,1.97122,2.48,1.50
2012.10.04 16:22:42.731,1.97071,1.9713,2.48,1.73
2012.10.04 16:22:50.902,1.97071,1.9713,2.48,1.73
2012.10.04 16:22:52.631,1.97071,1.9713,2.48,1.73
2012.10.04 16:22:53.590,1.97072,1.97124,1.29,1.50
2012.10.04 16:22:53.921,1.97072,1.9712,1.29,1.50
2012.10.04 16:22:53.981,1.97067,1.9712,1.54,1.50
2012.10.04 16:23:03.307,1.97067,1.9712,1.54,1.50
2012.10.04 16:23:03.651,1.97071,1.9712,1.38,1.50
2012.10.04 16:23:03.711,1.97066,1.9712,1.63,1.50
2012.10.04 16:23:05.471,1.97066,1.9712,1.63,1.50
2012.10.04 16:23:05.541,1.97066,1.9712,1.63,1.50
2012.10.04 16:23:06.121,1.97061,1.9712,2.38,2.25
2012.10.04 16:23:06.481,1.97048,1.97109,2.48,1.73
2012.10.04 16:23:07.632,1.97048,1.97109,2.48,1.73
2012.10.04 16:23:07.751,1.97055,1.97109,1.52,1.50
2012.10.04 16:23:10.143,1.97059,1.97109,1.20,1.50
2012.10.04 16:23:10.820,1.97059,1.97109,1.20,1.50
2012.10.04 16:23:10.941,1.97066,1.97118,1.52,1.50
2012.10.04 16:23:11.640,1.97067,1.97118,1.32,1.50
2012.10.04 16:23:13.541,1.97059,1.97118,2.48,1.73
2012.10.04 16:23:13.600,1.97059,1.97118,2.48,1.73
2012.10.04 16:23:14.233,1.97067,1.97118,1.63,1.50
2012.10.04 16:23:14.551,1.97069,1.97125,2.48,1.13
2012.10.04 16:23:14.780,1.97067,1.97119,1.63,1.50
2012.10.04 16:23:20.508,1.9707,1.97122,2.48,2.25
2012.10.04 16:23:21.071,1.97067,1.97119,3.13,1.50
2012.10.04 16:23:26.011,1.9706,1.97119,2.73,1.50
2012.10.04 16:23:26.486,1.9706,1.97119,2.73,2.25
2012.10.04 16:23:28.191,1.9706,1.97106,1.23,1.50
2012.10.04 16:23:28.250,1.97048,1.97106,1.45,1.50
2012.10.04 16:23:29.070,1.97048,1.97106,1.45,1.50
2012.10.04 16:23:29.312,1.97048,1.97106,1.45,1.50
2012.10.04 16:23:29.671,1.97048,1.97096,1.36,1.50
2012.10.04 16:23:29.730,1.97043,1.97096,1.43,1.50
2012.10.04 16:23:30.072,1.97043,1.97096,1.43,1.50
2012.10.04 16:23:30.380,1.97049,1.971,1.34,1.50
2012.10.04 16:23:30.441,1.97049,1.97107,1.34,1.50
2012.10.04 16:23:32.709,1.97049,1.97107,1.34,1.50
2012.10.04 16:23:32.929,1.97049,1.97107,1.34,1.50
2012.10.04 16:23:35.821,1.97058,1.9711,2.48,1.50
2012.10.04 16:23:36.679,1.97058,1.97117,2.48,2.48
2012.10.04 16:23:36.861,1.97058,1.97113,1.73,1.35
2012.10.04 16:23:36.921,1.97054,1.97103,1.73,2.25
2012.10.04 16:23:36.980,1.97043,1.97103,2.48,3.23
2012.10.04 16:23:37.100,1.97043,1.97095,1.73,1.50
2012.10.04 16:23:37.221,1.97033,1.97093,2.48,1.35
2012.10.04 16:23:37.421,1.97033,1.97085,1.50,1.73
2012.10.04 16:23:37.901,1.97031,1.9708,1.50,2.48
2012.10.04 16:23:37.962,1.9702,1.97075,1.73,1.50
2012.10.04 16:23:38.024,1.9702,1.97075,1.50,1.73
2012.10.04 16:23:44.990,1.9702,1.9708,2.25,3.00
2012.10.04 16:23:45.209,1.9702,1.97074,1.50,1.73
2012.10.04 16:23:49.558,1.9702,1.97074,1.73,1.50
2012.10.04 16:23:49.922,1.9702,1.97074,1.50,1.73
2012.10.04 16:23:50.792,1.9702,1.9708,2.25,2.84
2012.10.04 16:23:51.111,1.9702,1.9708,2.48,1.50
2012.10.04 16:23:51.171,1.9702,1.9708,2.48,1.50
2012.10.04 16:23:51.231,1.9702,1.9708,2.48,2.25
2012.10.04 16:23:51.351,1.9702,1.97075,1.50,1.73
2012.10.04 16:23:51.449,1.9702,1.9708,2.25,3.02
2012.10.04 16:23:51.812,1.9702,1.97074,1.50,1.73
2012.10.04 16:23:51.890,1.9702,1.9708,2.25,3.02
2012.10.04 16:23:52.173,1.9702,1.97075,1.50,1.73
2012.10.04 16:23:54.093,1.9702,1.9708,2.25,2.86
2012.10.04 16:23:54.231,1.9702,1.9708,2.25,2.86
2012.10.04 16:23:54.351,1.9702,1.9708,1.50,2.86
2012.10.04 16:23:54.561,1.9702,1.97074,1.73,1.50
2012.10.04 16:23:54.633,1.9702,1.97074,1.50,1.73
2012.10.04 16:23:56.619,1.9702,1.97079,2.25,1.56
2012.10.04 16:23:56.741,1.9702,1.9708,2.48,2.25
2012.10.04 16:23:56.800,1.9702,1.9708,2.48,1.50
2012.10.04 16:23:57.863,1.97024,1.97082,2.48,2.48
2012.10.04 16:24:00.138,1.97024,1.97083,2.48,2.48
2012.10.04 16:24:00.451,1.97024,1.97082,2.48,2.93
2012.10.04 16:24:00.511,1.97024,1.97082,2.25,2.93
2012.10.04 16:24:01.821,1.97024,1.97083,2.25,2.48
2012.10.04 16:24:02.321,1.97024,1.97083,2.48,2.48
2012.10.04 16:24:02.441,1.97024,1.97083,2.48,2.48
2012.10.04 16:24:09.854,1.97024,1.97083,2.48,2.48
2012.10.04 16:24:10.221,1.97033,1.97084,1.50,1.73
2012.10.04 16:24:10.541,1.97024,1.97083,2.48,2.48
2012.10.04 16:24:11.075,1.97024,1.97083,2.48,2.48
2012.10.04 16:24:11.783,1.97024,1.97082,1.73,1.73
2012.10.04 16:24:11.951,1.97024,1.97083,2.48,2.48
2012.10.04 16:24:15.138,1.97024,1.97083,2.48,2.48
2012.10.04 16:24:15.357,1.97024,1.97083,2.48,2.48
2012.10.04 16:24:17.448,1.97024,1.97083,2.48,1.73
2012.10.04 16:24:18.439,1.97024,1.97083,2.48,1.73
2012.10.04 16:24:18.790,1.97024,1.97079,1.50,1.61
2012.10.04 16:24:20.093,1.97024,1.97083,2.25,3.48
2012.10.04 16:24:20.331,1.97024,1.97083,2.48,2.48
2012.10.04 16:24:21.461,1.97025,1.97083,1.73,1.73
2012.10.04 16:24:22.731,1.97021,1.97073,1.52,1.50
2012.10.04 16:24:23.061,1.97018,1.97073,1.52,1.88
2012.10.04 16:24:23.698,1.97008,1.97064,2.40,1.73
2012.10.04 16:24:23.763,1.96998,1.97053,1.73,1.50
2012.10.04 16:24:27.095,1.97006,1.97053,1.73,1.50
2012.10.04 16:24:27.917,1.96997,1.97053,1.73,1.50
2012.10.04 16:24:28.351,1.96996,1.97053,1.25,2.25
2012.10.04 16:24:28.531,1.9698,1.97039,2.48,1.73
2012.10.04 16:24:31.762,1.9698,1.97039,2.48,1.73
2012.10.04 16:24:31.843,1.96987,1.97039,1.50,1.73
2012.10.04 16:24:32.071,1.96988,1.97039,1.73,1.50
2012.10.04 16:24:32.191,1.96987,1.97039,2.25,1.73
2012.10.04 16:24:32.251,1.9699,1.97045,1.50,1.54
2012.10.04 16:24:32.511,1.9699,1.97048,2.48,1.73
2012.10.04 16:24:32.711,1.9699,1.97044,1.50,1.38
2012.10.04 16:24:32.951,1.9699,1.97048,2.48,1.73
2012.10.04 16:24:33.580,1.96995,1.97048,1.50,1.73
2012.10.04 16:24:33.761,1.96998,1.97059,3.23,2.10
2012.10.04 16:24:35.134,1.96998,1.97058,1.73,1.35
2012.10.04 16:24:35.399,1.9699,1.97048,2.48,1.73
2012.10.04 16:24:37.569,1.9699,1.97048,1.73,2.48
2012.10.04 16:24:37.751,1.9699,1.97044,1.50,1.61
2012.10.04 16:24:37.991,1.96977,1.97032,1.50,1.50
2012.10.04 16:24:38.631,1.96977,1.97037,1.50,2.48
2012.10.04 16:24:38.693,1.96977,1.97034,1.50,1.73
2012.10.04 16:24:38.994,1.96965,1.97018,1.50,2.20
2012.10.04 16:24:39.261,1.96977,1.97031,1.50,1.73
2012.10.04 16:24:39.751,1.96977,1.97038,2.48,1.73
2012.10.04 16:24:41.067,1.96978,1.97038,1.73,1.73
2012.10.04 16:24:41.209,1.96979,1.97038,1.34,1.50
2012.10.04 16:24:41.331,1.96989,1.97048,1.73,2.07
2012.10.04 16:24:43.621,1.96986,1.97037,2.48,2.25
2012.10.04 16:24:43.959,1.96978,1.97037,1.50,2.48
2012.10.04 16:24:44.282,1.96978,1.97026,1.50,2.25
