2014.07.15 18:00:01.268,1.95621,1.95668,1.27,1.00
2014.07.15 18:00:01.475,1.95619,1.95668,1.53,1.25
2014.07.15 18:00:02.000,1.95618,1.95669,1.65,1.69
2014.07.15 18:00:03.852,1.95618,1.95659,1.65,1.00
2014.07.15 18:00:04.106,1.95617,1.95659,1.29,1.00
2014.07.15 18:00:05.169,1.95616,1.95659,1.27,1.00
2014.07.15 18:00:06.274,1.95616,1.95659,1.27,1.00
2014.07.15 18:00:06.848,1.95611,1.95663,2.52,1.19
2014.07.15 18:00:07.381,1.95615,1.95665,1.19,1.19
2014.07.15 18:00:08.786,1.95615,1.95665,1.19,1.19
2014.07.15 18:00:11.795,1.95614,1.95664,1.19,1.19
2014.07.15 18:00:13.627,1.95614,1.95664,1.19,1.19
2014.07.15 18:00:15.120,1.95609,1.95658,1.27,1.19
2014.07.15 18:00:16.116,1.95606,1.95658,1.19,1.69
2014.07.15 18:00:18.327,1.95606,1.95658,1.34,1.69
2014.07.15 18:00:18.378,1.95612,1.95658,1.00,1.19
2014.07.15 18:00:18.709,1.95622,1.95663,1.00,1.19
2014.07.15 18:00:19.039,1.95611,1.95663,1.19,1.19
2014.07.15 18:00:19.735,1.95611,1.9566,1.19,1.19
2014.07.15 18:00:20.073,1.95619,1.95667,1.00,1.29
2014.07.15 18:00:20.139,1.95611,1.9566,1.19,1.19
2014.07.15 18:00:22.550,1.95612,1.95658,1.19,1.25
2014.07.15 18:00:24.570,1.95612,1.95658,1.19,1.00
2014.07.15 18:00:25.033,1.95622,1.95659,1.00,1.00
2014.07.15 18:00:25.084,1.95612,1.95658,1.19,1.00
2014.07.15 18:00:25.289,1.95622,1.95659,1.00,1.00
2014.07.15 18:00:25.837,1.95622,1.95659,1.00,1.19
2014.07.15 18:00:26.390,1.95612,1.95658,1.19,1.25
2014.07.15 18:00:27.017,1.95612,1.95658,1.19,1.00
2014.07.15 18:00:27.379,1.95621,1.95659,1.00,1.25
2014.07.15 18:00:27.708,1.95621,1.95656,1.00,1.00
2014.07.15 18:00:27.759,1.95621,1.95659,1.00,1.25
2014.07.15 18:00:27.860,1.95612,1.95658,1.19,1.25
2014.07.15 18:00:30.086,1.95612,1.95658,1.19,1.19
2014.07.15 18:00:31.591,1.95612,1.9566,1.19,1.19
2014.07.15 18:00:33.901,1.95612,1.9566,1.19,1.19
2014.07.15 18:00:35.129,1.95612,1.9566,1.19,1.19
2014.07.15 18:00:36.841,1.95612,1.9566,1.19,1.19
2014.07.15 18:00:37.920,1.95612,1.9566,1.19,1.19
2014.07.15 18:00:39.128,1.95611,1.95662,1.69,1.29
2014.07.15 18:00:40.334,1.95611,1.95661,1.19,1.25
2014.07.15 18:00:41.588,1.95611,1.95659,1.19,1.00
2014.07.15 18:00:41.853,1.95611,1.95659,1.19,1.25
2014.07.15 18:00:43.950,1.95611,1.95659,1.19,1.19
2014.07.15 18:00:45.754,1.95611,1.95659,1.19,1.19
2014.07.15 18:00:46.758,1.95611,1.95659,1.19,1.19
2014.07.15 18:00:48.068,1.95611,1.95659,1.19,1.19
2014.07.15 18:00:54.799,1.95611,1.95659,1.19,1.19
2014.07.15 18:00:55.941,1.95611,1.95659,1.19,1.19
2014.07.15 18:00:57.797,1.95611,1.95659,1.19,1.19
2014.07.15 18:00:58.332,1.95611,1.95659,1.19,1.00
2014.07.15 18:01:00.091,1.95611,1.9566,1.19,1.00
2014.07.15 18:01:00.142,1.95611,1.9566,1.69,1.25
2014.07.15 18:01:01.440,1.95611,1.9566,1.19,1.19
2014.07.15 18:01:03.119,1.95611,1.9566,1.19,1.19
2014.07.15 18:01:04.239,1.95611,1.9566,1.19,1.19
2014.07.15 18:01:05.787,1.95611,1.9566,1.19,1.19
2014.07.15 18:01:08.372,1.95611,1.9566,1.19,1.19
2014.07.15 18:01:09.661,1.95611,1.9566,1.19,1.19
2014.07.15 18:01:11.695,1.95612,1.9566,1.19,1.19
2014.07.15 18:01:13.283,1.95612,1.9566,1.19,1.19
2014.07.15 18:01:14.788,1.95612,1.9566,1.19,1.19
2014.07.15 18:01:17.798,1.95612,1.9566,1.19,1.19
2014.07.15 18:01:21.415,1.95612,1.9566,1.19,1.19
2014.07.15 18:01:23.141,1.95611,1.9566,1.19,1.19
2014.07.15 18:01:26.438,1.95611,1.9566,1.19,1.19
2014.07.15 18:01:27.842,1.95608,1.95658,1.19,1.69
2014.07.15 18:01:31.455,1.95609,1.95658,1.19,1.19
2014.07.15 18:01:34.591,1.95609,1.95658,1.19,1.19
2014.07.15 18:01:35.910,1.95612,1.95659,1.00,1.19
2014.07.15 18:01:36.877,1.95612,1.95659,1.19,1.19
2014.07.15 18:01:38.119,1.95611,1.95659,1.25,1.69
2014.07.15 18:01:39.396,1.95611,1.95659,1.00,1.69
2014.07.15 18:01:39.911,1.95612,1.95659,1.00,1.19
2014.07.15 18:01:40.112,1.95611,1.95664,1.69,1.19
2014.07.15 18:01:41.406,1.95611,1.95664,2.44,1.19
2014.07.15 18:01:42.019,1.95626,1.95669,1.00,1.34
2014.07.15 18:01:43.340,1.95626,1.95676,1.00,1.19
2014.07.15 18:01:44.515,1.95626,1.95676,1.19,1.19
2014.07.15 18:01:45.821,1.95626,1.95676,1.19,1.19
2014.07.15 18:01:46.956,1.95626,1.95676,1.19,1.19
2014.07.15 18:01:49.565,1.95624,1.95668,1.19,1.00
2014.07.15 18:01:55.277,1.95625,1.95669,1.19,1.00
2014.07.15 18:01:55.388,1.95625,1.95677,1.19,1.19
2014.07.15 18:01:55.551,1.95625,1.95677,1.19,1.19
2014.07.15 18:01:57.762,1.95625,1.95675,1.00,1.19
2014.07.15 18:01:57.965,1.95613,1.95666,1.34,1.19
2014.07.15 18:01:58.279,1.95606,1.95657,1.29,1.19
2014.07.15 18:01:59.179,1.95613,1.95666,1.19,1.37
2014.07.15 18:02:00.329,1.95617,1.95667,1.19,1.19
2014.07.15 18:02:01.389,1.95617,1.95667,1.19,1.19
2014.07.15 18:02:02.327,1.95614,1.95658,1.00,1.19
2014.07.15 18:02:02.428,1.95611,1.95658,1.25,1.19
2014.07.15 18:02:02.479,1.95602,1.95654,2.52,1.00
2014.07.15 18:02:02.781,1.95608,1.95658,1.19,1.19
2014.07.15 18:02:03.097,1.95611,1.95658,1.00,1.19
2014.07.15 18:02:03.147,1.95607,1.95658,1.27,1.19
2014.07.15 18:02:03.866,1.95607,1.95658,1.27,1.19
2014.07.15 18:02:04.833,1.95607,1.95658,1.27,1.19
2014.07.15 18:02:04.884,1.95602,1.95649,1.69,1.00
2014.07.15 18:02:04.995,1.95602,1.95654,1.19,1.25
2014.07.15 18:02:05.852,1.95608,1.95659,1.19,1.19
2014.07.15 18:02:07.118,1.95602,1.95658,1.84,1.19
2014.07.15 18:02:11.475,1.95604,1.95658,1.34,1.19
2014.07.15 18:02:11.846,1.95604,1.95658,1.27,1.19
2014.07.15 18:02:12.148,1.956,1.95648,1.37,1.00
2014.07.15 18:02:12.946,1.95597,1.95648,1.34,1.19
2014.07.15 18:02:13.846,1.95597,1.95648,1.19,1.19
2014.07.15 18:02:14.851,1.95594,1.95649,1.29,1.69
2014.07.15 18:02:16.556,1.95601,1.95649,1.00,1.69
2014.07.15 18:02:18.071,1.956,1.95648,1.00,1.19
2014.07.15 18:02:18.597,1.95601,1.95649,1.00,1.19
2014.07.15 18:02:18.648,1.95597,1.95649,1.19,1.19
2014.07.15 18:02:19.267,1.95601,1.95649,1.00,1.19
2014.07.15 18:02:19.418,1.95598,1.95649,1.19,1.19
2014.07.15 18:02:20.098,1.95596,1.95648,1.19,1.19
2014.07.15 18:02:21.910,1.95596,1.95648,1.19,1.19
2014.07.15 18:02:24.186,1.95596,1.95648,1.19,1.19
2014.07.15 18:02:29.101,1.95596,1.95648,1.19,1.19
2014.07.15 18:02:30.719,1.95593,1.95638,1.19,1.00
2014.07.15 18:02:31.072,1.95593,1.95635,1.19,1.00
2014.07.15 18:02:31.190,1.95593,1.95639,1.19,1.00
2014.07.15 18:02:31.291,1.95593,1.95635,1.19,1.00
2014.07.15 18:02:31.414,1.95591,1.95635,1.19,1.00
2014.07.15 18:02:31.807,1.95591,1.95639,1.19,1.50
2014.07.15 18:02:31.857,1.95591,1.95639,1.19,1.69
2014.07.15 18:02:32.962,1.95591,1.95639,1.19,1.69
2014.07.15 18:02:33.947,1.95592,1.95637,1.19,1.19
2014.07.15 18:02:34.250,1.95594,1.95639,1.19,1.00
2014.07.15 18:02:34.352,1.95592,1.95644,1.84,1.19
2014.07.15 18:02:34.889,1.95592,1.95642,1.84,1.00
2014.07.15 18:02:35.342,1.95592,1.95642,1.34,1.19
2014.07.15 18:02:35.902,1.95603,1.95647,1.00,1.19
2014.07.15 18:02:36.053,1.95603,1.95648,1.19,1.19
2014.07.15 18:02:37.151,1.95603,1.95653,1.19,1.19
2014.07.15 18:02:39.864,1.95606,1.95658,1.19,1.77
2014.07.15 18:02:41.507,1.95606,1.95656,1.19,1.19
2014.07.15 18:02:42.380,1.95606,1.95658,1.19,1.29
2014.07.15 18:02:43.902,1.95606,1.95658,1.19,1.29
2014.07.15 18:02:44.920,1.95606,1.95658,1.19,1.29
2014.07.15 18:02:48.200,1.95606,1.95659,1.19,1.77
2014.07.15 18:02:49.908,1.95606,1.95658,1.19,1.29
2014.07.15 18:02:51.519,1.95604,1.95656,1.19,1.34
2014.07.15 18:02:52.056,1.95604,1.95657,1.00,2.59
2014.07.15 18:02:53.231,1.95604,1.95656,1.00,1.84
2014.07.15 18:02:54.227,1.95604,1.95656,1.00,1.34
2014.07.15 18:02:56.164,1.95604,1.95642,1.25,1.00
2014.07.15 18:02:56.716,1.95603,1.95642,1.25,1.00
2014.07.15 18:02:58.979,1.95604,1.95642,1.00,1.00
2014.07.15 18:03:00.798,1.95604,1.95647,1.00,1.00
2014.07.15 18:03:01.338,1.95604,1.95649,1.00,1.19
2014.07.15 18:03:01.965,1.95604,1.95649,1.00,1.19
2014.07.15 18:03:04.307,1.95604,1.95649,1.00,1.19
2014.07.15 18:03:05.507,1.95604,1.95649,1.00,1.19
2014.07.15 18:03:05.947,1.95602,1.95649,1.25,1.19
2014.07.15 18:03:06.449,1.95603,1.95648,1.00,1.19
2014.07.15 18:03:07.090,1.95604,1.95648,1.00,1.19
2014.07.15 18:03:07.491,1.95604,1.95648,1.00,1.19
2014.07.15 18:03:08.596,1.95604,1.95648,1.25,1.00
2014.07.15 18:03:09.260,1.95604,1.95655,1.25,1.34
2014.07.15 18:03:09.732,1.95604,1.95655,1.19,1.34
2014.07.15 18:03:11.448,1.95604,1.95649,1.19,1.19
2014.07.15 18:03:11.760,1.95603,1.95649,1.19,1.19
2014.07.15 18:03:15.023,1.95603,1.95649,1.19,1.19
2014.07.15 18:03:17.239,1.95603,1.95649,1.19,1.19
2014.07.15 18:03:18.236,1.95603,1.95649,1.19,1.19
2014.07.15 18:03:19.942,1.95603,1.95649,1.19,1.19
2014.07.15 18:03:21.446,1.95603,1.95649,1.19,1.19
2014.07.15 18:03:22.376,1.95603,1.95649,1.19,1.19
2014.07.15 18:03:23.356,1.95603,1.95649,1.19,1.19
2014.07.15 18:03:25.562,1.95603,1.95649,1.19,1.19
2014.07.15 18:03:26.567,1.95603,1.95649,1.19,1.19
2014.07.15 18:03:28.374,1.95603,1.95656,1.19,1.84
2014.07.15 18:03:29.878,1.95603,1.95656,1.19,1.84
2014.07.15 18:03:31.525,1.95602,1.95654,1.19,1.19
2014.07.15 18:03:31.990,1.95602,1.95654,1.19,1.19
2014.07.15 18:03:38.708,1.95604,1.95655,1.25,1.77
2014.07.15 18:03:39.737,1.95604,1.95655,1.19,1.29
2014.07.15 18:03:41.422,1.95604,1.95648,1.19,1.19
2014.07.15 18:03:41.948,1.95604,1.95648,1.19,1.19
2014.07.15 18:03:42.723,1.95604,1.95648,1.19,1.19
2014.07.15 18:03:45.136,1.95604,1.95649,1.00,1.19
2014.07.15 18:03:46.768,1.95604,1.95649,1.25,1.19
2014.07.15 18:03:48.546,1.95604,1.95649,1.00,1.19
2014.07.15 18:03:49.682,1.95604,1.95653,1.00,1.19
2014.07.15 18:03:51.568,1.95604,1.95648,1.25,1.19
2014.07.15 18:03:52.115,1.95604,1.95648,1.19,1.19
2014.07.15 18:03:53.571,1.95604,1.95648,1.25,1.19
2014.07.15 18:03:54.706,1.956,1.95648,1.19,1.19
2014.07.15 18:03:56.191,1.95603,1.95648,1.00,1.19
2014.07.15 18:03:56.325,1.95599,1.95648,1.19,1.19
2014.07.15 18:03:57.841,1.95601,1.95648,1.00,1.19
2014.07.15 18:03:58.344,1.956,1.95648,1.00,1.19
2014.07.15 18:03:58.923,1.95597,1.95648,1.19,1.19
2014.07.15 18:04:00.199,1.956,1.95648,1.00,1.19
2014.07.15 18:04:00.719,1.95596,1.95648,1.19,1.69
2014.07.15 18:04:01.420,1.95596,1.95649,1.19,1.69
2014.07.15 18:04:01.956,1.95595,1.95648,1.19,1.19
2014.07.15 18:04:02.966,1.95595,1.95648,1.19,1.19
2014.07.15 18:04:05.242,1.95602,1.95648,1.00,1.19
2014.07.15 18:04:06.045,1.95602,1.95648,1.25,1.19
2014.07.15 18:04:08.154,1.95602,1.95648,1.00,1.19
2014.07.15 18:04:10.296,1.95602,1.95648,1.19,1.19
2014.07.15 18:04:10.611,1.95597,1.95638,1.19,1.00
2014.07.15 18:04:10.712,1.95597,1.95648,1.19,1.69
2014.07.15 18:04:11.899,1.95596,1.95648,1.19,1.19
2014.07.15 18:04:14.679,1.95596,1.95648,1.19,1.19
2014.07.15 18:04:15.289,1.95596,1.95648,1.19,1.19
2014.07.15 18:04:16.392,1.95596,1.95648,1.19,1.19
2014.07.15 18:04:18.806,1.95599,1.95649,1.19,1.19
2014.07.15 18:04:19.812,1.95595,1.95649,1.29,1.69
2014.07.15 18:04:20.805,1.95602,1.95651,1.00,1.77
2014.07.15 18:04:21.324,1.95597,1.95649,1.19,1.19
2014.07.15 18:04:21.426,1.95595,1.95649,1.29,1.69
2014.07.15 18:04:22.222,1.95595,1.95649,1.29,1.69
2014.07.15 18:04:23.568,1.95594,1.95648,1.19,1.84
2014.07.15 18:04:26.146,1.95595,1.95648,1.19,2.59
2014.07.15 18:04:28.155,1.95595,1.95648,1.19,1.84
2014.07.15 18:04:32.660,1.95595,1.95648,1.19,1.84
2014.07.15 18:04:36.701,1.95594,1.95646,1.19,1.29
2014.07.15 18:04:46.945,1.95593,1.95636,1.19,1.00
2014.07.15 18:04:50.154,1.95593,1.95636,1.19,1.00
2014.07.15 18:04:53.865,1.95593,1.95636,1.19,1.00
2014.07.15 18:04:55.085,1.95593,1.95636,1.19,1.00
2014.07.15 18:04:58.975,1.95593,1.95636,1.19,1.00
2014.07.15 18:05:00.083,1.95593,1.95636,1.19,1.00
2014.07.15 18:05:01.419,1.95594,1.95636,1.19,1.00
2014.07.15 18:05:02.991,1.95594,1.95636,1.19,1.00
2014.07.15 18:05:06.226,1.95594,1.95636,1.19,1.25
2014.07.15 18:05:22.962,1.95592,1.95636,1.19,1.00
2014.07.15 18:05:28.181,1.95592,1.95636,1.19,1.00
2014.07.15 18:05:29.284,1.95592,1.95636,1.19,1.00
2014.07.15 18:05:30.846,1.95592,1.95639,1.19,1.19
2014.07.15 18:05:31.390,1.95592,1.95639,1.19,1.19
2014.07.15 18:05:32.135,1.95589,1.95623,1.19,1.00
2014.07.15 18:05:33.096,1.95589,1.95623,1.19,1.00
2014.07.15 18:05:41.324,1.9559,1.95623,1.19,1.00
2014.07.15 18:05:42.154,1.9559,1.95623,1.19,1.00
2014.07.15 18:05:48.241,1.9559,1.95623,1.19,1.00
2014.07.15 18:05:49.854,1.9559,1.95623,1.19,1.00
2014.07.15 18:05:51.401,1.95592,1.95623,1.19,1.00
2014.07.15 18:05:56.272,1.95593,1.95623,1.19,1.00
2014.07.15 18:05:57.477,1.95593,1.95623,1.19,1.00
2014.07.15 18:05:58.581,1.95593,1.95623,1.25,1.00
2014.07.15 18:06:05.306,1.95593,1.95623,1.19,1.00
2014.07.15 18:06:07.717,1.95593,1.95623,1.19,1.00
2014.07.15 18:06:10.025,1.95593,1.95623,1.25,1.00
2014.07.15 18:06:11.455,1.95593,1.95623,1.19,1.00
2014.07.15 18:06:12.137,1.95593,1.95623,1.00,1.00
2014.07.15 18:06:12.666,1.9559,1.95623,1.19,1.00
2014.07.15 18:06:16.211,1.95589,1.95639,1.19,1.19
2014.07.15 18:06:17.165,1.95589,1.95638,1.19,1.19
2014.07.15 18:06:18.369,1.95589,1.95638,1.19,1.19
2014.07.15 18:06:19.914,1.95589,1.95638,1.19,1.19
2014.07.15 18:06:25.094,1.9559,1.95639,1.19,1.19
2014.07.15 18:06:26.598,1.9559,1.95639,1.19,1.19
2014.07.15 18:06:28.505,1.9559,1.95639,1.19,1.19
2014.07.15 18:06:29.809,1.9559,1.95639,1.19,1.19
2014.07.15 18:06:32.330,1.9559,1.95638,1.19,1.19
2014.07.15 18:06:33.422,1.95594,1.95638,1.19,1.19
2014.07.15 18:06:37.467,1.95594,1.95628,1.19,1.00
2014.07.15 18:06:38.140,1.95594,1.95628,1.00,1.00
2014.07.15 18:06:40.073,1.95594,1.95638,1.00,1.19
2014.07.15 18:06:41.452,1.95594,1.95638,1.00,1.19
2014.07.15 18:06:42.354,1.95594,1.95638,1.00,1.19
2014.07.15 18:06:44.077,1.95594,1.95638,1.25,1.19
2014.07.15 18:06:45.463,1.95594,1.95638,1.00,1.19
2014.07.15 18:06:45.990,1.95593,1.95638,1.25,1.19
2014.07.15 18:06:46.500,1.95593,1.95638,1.00,1.19
2014.07.15 18:06:47.892,1.95593,1.95638,1.19,1.19
2014.07.15 18:06:49.180,1.95593,1.95638,1.19,1.19
2014.07.15 18:06:51.524,1.95593,1.95638,1.19,1.19
2014.07.15 18:06:52.612,1.95593,1.95638,1.19,1.19
2014.07.15 18:06:54.907,1.95593,1.95638,1.25,1.19
2014.07.15 18:06:56.311,1.95593,1.95638,1.19,1.19
2014.07.15 18:06:57.617,1.95591,1.95638,1.19,1.19
2014.07.15 18:06:58.873,1.95591,1.95629,1.19,1.00
2014.07.15 18:07:03.170,1.95591,1.95629,1.25,1.00
2014.07.15 18:07:03.523,1.95593,1.95629,1.00,1.00
2014.07.15 18:07:04.093,1.95592,1.95629,1.00,1.00
2014.07.15 18:07:04.400,1.95592,1.95629,1.19,1.00
2014.07.15 18:07:06.250,1.95592,1.95629,1.19,1.00
2014.07.15 18:07:06.903,1.95592,1.95642,1.19,1.19
2014.07.15 18:07:07.163,1.95592,1.95642,1.37,1.19
2014.07.15 18:07:07.505,1.95594,1.9563,1.02,1.00
2014.07.15 18:07:08.954,1.95592,1.9563,1.34,1.00
2014.07.15 18:07:09.055,1.95592,1.9563,1.37,1.00
2014.07.15 18:07:09.105,1.95592,1.95627,1.37,1.00
2014.07.15 18:07:11.470,1.95592,1.95627,1.37,1.00
2014.07.15 18:07:13.095,1.95592,1.95627,1.37,1.00
2014.07.15 18:07:13.528,1.95594,1.95627,1.94,1.00
2014.07.15 18:07:13.729,1.95602,1.95631,1.25,1.00
2014.07.15 18:07:14.247,1.95596,1.9563,1.19,1.00
2014.07.15 18:07:15.107,1.95596,1.9563,1.25,1.00
2014.07.15 18:07:15.705,1.95597,1.9563,1.00,1.00
2014.07.15 18:07:17.512,1.95595,1.9563,1.29,1.00
2014.07.15 18:07:18.301,1.95595,1.9563,1.10,1.00
2014.07.15 18:07:32.359,1.95594,1.9563,1.37,1.00
2014.07.15 18:07:33.563,1.95594,1.9563,1.37,1.00
2014.07.15 18:07:33.743,1.95592,1.95626,1.34,1.00
2014.07.15 18:07:34.868,1.95593,1.95626,1.19,1.00
2014.07.15 18:07:38.195,1.95593,1.95626,1.19,1.00
2014.07.15 18:07:41.498,1.95594,1.95626,1.25,1.00
2014.07.15 18:07:42.134,1.95594,1.95626,1.19,1.00
2014.07.15 18:07:43.104,1.95594,1.95626,1.00,1.00
2014.07.15 18:07:49.928,1.95594,1.95627,1.00,1.00
2014.07.15 18:07:50.520,1.95594,1.95627,1.19,1.00
2014.07.15 18:07:52.340,1.95594,1.95627,1.19,1.00
2014.07.15 18:07:54.350,1.95595,1.95627,1.25,1.00
2014.07.15 18:07:59.567,1.95595,1.95627,1.19,1.00
2014.07.15 18:08:00.287,1.95595,1.95627,1.00,1.00
2014.07.15 18:08:00.388,1.95584,1.95627,1.19,1.00
2014.07.15 18:08:00.539,1.95582,1.95623,1.19,1.00
2014.07.15 18:08:01.422,1.95579,1.95623,1.27,1.25
2014.07.15 18:08:01.992,1.95579,1.95623,1.27,1.00
2014.07.15 18:08:03.898,1.95579,1.95623,1.27,1.19
2014.07.15 18:08:07.028,1.95578,1.95622,1.37,1.00
2014.07.15 18:08:13.124,1.95578,1.95622,1.37,1.19
2014.07.15 18:08:13.445,1.9559,1.95623,1.25,1.00
2014.07.15 18:08:13.764,1.95595,1.95623,1.00,1.00
2014.07.15 18:08:16.140,1.95595,1.95623,1.19,1.00
2014.07.15 18:08:17.264,1.95595,1.95623,1.19,1.00
2014.07.15 18:08:18.661,1.95595,1.95623,1.19,1.00
2014.07.15 18:08:21.681,1.95595,1.95623,1.25,1.00
2014.07.15 18:08:24.073,1.95595,1.95623,1.19,1.00
2014.07.15 18:08:25.377,1.95595,1.95623,1.00,1.00
2014.07.15 18:08:29.034,1.95594,1.95623,1.25,1.00
2014.07.15 18:08:30.098,1.95594,1.95623,1.19,1.00
2014.07.15 18:08:31.538,1.95594,1.95623,1.19,1.00
2014.07.15 18:08:32.306,1.95594,1.95623,1.19,1.00
2014.07.15 18:08:34.661,1.95594,1.95623,1.19,1.00
2014.07.15 18:08:35.643,1.95592,1.95623,1.25,1.00
2014.07.15 18:08:41.691,1.95594,1.95623,1.00,1.00
2014.07.15 18:08:41.900,1.95593,1.95627,1.25,1.00
2014.07.15 18:08:42.001,1.95593,1.95635,1.25,1.25
2014.07.15 18:08:42.051,1.95596,1.95635,1.00,1.25
2014.07.15 18:08:42.568,1.95595,1.95635,1.00,1.25
2014.07.15 18:08:42.976,1.95595,1.95629,1.19,1.00
2014.07.15 18:08:44.101,1.95595,1.95629,1.25,1.00
2014.07.15 18:08:44.152,1.95595,1.95635,1.25,1.00
2014.07.15 18:08:46.121,1.95598,1.95635,1.00,1.00
2014.07.15 18:08:46.654,1.95598,1.95634,1.00,1.00
2014.07.15 18:08:47.191,1.95595,1.95634,1.00,1.00
2014.07.15 18:08:47.710,1.95595,1.95635,1.00,1.00
2014.07.15 18:08:48.157,1.95595,1.95635,1.19,1.00
2014.07.15 18:08:49.124,1.95595,1.95635,1.19,1.00
2014.07.15 18:08:52.381,1.95595,1.95635,1.19,1.00
2014.07.15 18:08:54.846,1.95595,1.95635,1.19,1.00
2014.07.15 18:08:57.556,1.95595,1.95634,1.19,1.00
2014.07.15 18:08:59.068,1.95595,1.95634,1.19,1.00
2014.07.15 18:09:00.072,1.95595,1.95634,1.19,1.00
2014.07.15 18:09:01.687,1.95596,1.95634,1.19,1.00
2014.07.15 18:09:02.379,1.95596,1.95634,1.25,1.00
2014.07.15 18:09:05.931,1.95597,1.95634,1.00,1.00
2014.07.15 18:09:06.111,1.956,1.95635,1.00,1.00
2014.07.15 18:09:06.736,1.956,1.95634,1.00,1.00
2014.07.15 18:09:07.252,1.95598,1.95635,1.19,1.00
2014.07.15 18:09:08.025,1.95598,1.95635,1.25,1.00
2014.07.15 18:09:19.442,1.95597,1.95635,1.25,1.00
2014.07.15 18:09:19.979,1.95597,1.95634,1.25,1.00
2014.07.15 18:09:20.428,1.956,1.95634,1.00,1.00
2014.07.15 18:09:20.529,1.95597,1.95635,1.25,1.00
2014.07.15 18:09:21.651,1.95597,1.95635,1.19,1.00
2014.07.15 18:09:22.754,1.95597,1.95635,1.19,1.00
2014.07.15 18:09:24.860,1.95597,1.95635,1.25,1.00
2014.07.15 18:09:25.057,1.95597,1.95638,1.25,1.00
2014.07.15 18:09:27.922,1.95599,1.95638,1.00,1.00
2014.07.15 18:09:28.581,1.95597,1.95638,1.25,1.00
2014.07.15 18:09:32.323,1.95594,1.95628,1.19,1.00
2014.07.15 18:09:33.293,1.95594,1.95628,1.25,1.00
2014.07.15 18:09:33.421,1.95594,1.95639,1.25,1.19
2014.07.15 18:09:33.631,1.95598,1.95639,1.00,1.19
2014.07.15 18:09:33.745,1.95596,1.95639,1.00,1.19
2014.07.15 18:09:34.909,1.95596,1.95639,1.00,1.19
2014.07.15 18:09:36.004,1.95596,1.95639,1.00,1.19
2014.07.15 18:09:37.256,1.95596,1.95638,1.00,1.25
2014.07.15 18:09:38.346,1.95596,1.95638,1.00,1.19
2014.07.15 18:09:39.617,1.95596,1.95638,1.00,1.19
2014.07.15 18:09:41.782,1.95596,1.95638,1.25,1.00
2014.07.15 18:09:43.179,1.95596,1.95638,1.25,1.19
2014.07.15 18:09:45.360,1.95596,1.95638,1.25,1.25
2014.07.15 18:09:48.114,1.95596,1.95638,1.19,1.00
2014.07.15 18:09:50.160,1.95589,1.95623,1.19,1.00
2014.07.15 18:09:50.312,1.95589,1.95623,1.19,1.00
2014.07.15 18:09:52.599,1.95589,1.95623,1.19,1.00
2014.07.15 18:09:54.106,1.95589,1.95623,1.19,1.00
2014.07.15 18:09:55.101,1.95587,1.95623,1.29,1.00
2014.07.15 18:09:55.650,1.95586,1.95622,1.27,1.00
2014.07.15 18:09:56.439,1.95586,1.95622,1.27,1.00
2014.07.15 18:10:04.240,1.95584,1.95622,1.00,1.00
2014.07.15 18:10:04.902,1.95582,1.95622,1.19,1.00
2014.07.15 18:10:07.453,1.95583,1.95622,1.19,1.00
2014.07.15 18:10:10.166,1.95583,1.95622,1.19,1.00
2014.07.15 18:10:12.214,1.95583,1.95622,1.25,1.00
2014.07.15 18:10:12.906,1.95586,1.95622,1.00,1.00
2014.07.15 18:10:13.472,1.9559,1.95623,1.00,1.00
2014.07.15 18:10:13.788,1.95592,1.95623,1.25,1.00
2014.07.15 18:10:14.699,1.95591,1.95622,1.19,1.00
2014.07.15 18:10:14.917,1.95586,1.95623,1.19,1.00
2014.07.15 18:10:16.691,1.95586,1.95623,1.00,1.00
2014.07.15 18:10:17.451,1.95587,1.95623,1.00,1.00
2014.07.15 18:10:18.424,1.95588,1.95623,1.00,1.00
2014.07.15 18:10:20.920,1.9559,1.95623,1.00,1.00
2014.07.15 18:10:21.273,1.95593,1.95622,1.00,1.00
2014.07.15 18:10:21.581,1.95596,1.95622,1.00,1.00
2014.07.15 18:10:21.776,1.95594,1.95623,1.00,1.00
2014.07.15 18:10:21.827,1.95594,1.95623,1.19,1.00
2014.07.15 18:10:23.920,1.95594,1.95623,1.19,1.00
2014.07.15 18:10:27.116,1.956,1.95623,1.00,1.00
2014.07.15 18:10:27.166,1.956,1.95632,1.00,1.00
2014.07.15 18:10:27.217,1.95604,1.95632,1.00,1.00
2014.07.15 18:10:27.268,1.95604,1.95634,1.00,1.00
2014.07.15 18:10:27.431,1.956,1.95634,1.00,1.00
2014.07.15 18:10:29.387,1.956,1.95634,1.19,1.00
2014.07.15 18:10:30.649,1.956,1.95634,1.19,1.00
2014.07.15 18:10:36.978,1.956,1.95634,1.19,1.00
2014.07.15 18:10:41.727,1.956,1.95634,1.19,1.00
2014.07.15 18:10:42.268,1.956,1.95634,1.19,1.00
2014.07.15 18:10:43.194,1.956,1.95634,1.19,1.00
2014.07.15 18:10:44.500,1.956,1.95634,1.19,1.00
2014.07.15 18:10:45.542,1.95592,1.95634,1.34,1.00
2014.07.15 18:10:45.743,1.95591,1.95622,1.19,1.00
2014.07.15 18:10:46.318,1.95591,1.95623,1.19,1.00
2014.07.15 18:10:46.608,1.95591,1.95623,1.19,1.00
2014.07.15 18:10:47.613,1.95591,1.95623,1.19,1.00
2014.07.15 18:10:49.038,1.95591,1.95623,1.19,1.00
2014.07.15 18:10:49.566,1.95593,1.95623,1.00,1.00
2014.07.15 18:10:51.732,1.9559,1.95623,1.19,1.00
2014.07.15 18:10:52.733,1.9559,1.95623,1.19,1.00
2014.07.15 18:10:54.543,1.9559,1.95623,1.25,1.00
2014.07.15 18:10:54.943,1.95593,1.95623,1.00,1.00
2014.07.15 18:10:58.874,1.9559,1.95623,1.19,1.00
2014.07.15 18:10:59.423,1.9559,1.95623,1.25,1.00
2014.07.15 18:11:10.749,1.95586,1.95623,1.29,1.00
2014.07.15 18:11:11.357,1.95586,1.95619,1.29,1.00
2014.07.15 18:11:11.661,1.95579,1.95609,1.19,1.00
2014.07.15 18:11:11.712,1.95575,1.95609,1.27,1.00
2014.07.15 18:11:11.769,1.95575,1.95619,1.27,1.00
2014.07.15 18:11:11.920,1.95574,1.95619,1.00,1.19
2014.07.15 18:11:11.971,1.95565,1.95615,1.34,1.19
2014.07.15 18:11:12.122,1.95563,1.95608,1.19,1.00
2014.07.15 18:11:12.448,1.95562,1.95599,1.19,1.00
2014.07.15 18:11:13.114,1.95561,1.95599,1.19,1.00
2014.07.15 18:11:14.143,1.95558,1.95599,1.29,1.00
2014.07.15 18:11:14.278,1.95571,1.95599,1.00,1.00
2014.07.15 18:11:14.329,1.95571,1.95609,1.00,1.19
2014.07.15 18:11:14.379,1.95576,1.95609,1.08,1.19
2014.07.15 18:11:14.431,1.95576,1.95609,1.15,1.00
2014.07.15 18:11:14.532,1.95576,1.95619,1.27,1.00
2014.07.15 18:11:15.078,1.95579,1.95619,1.19,1.00
2014.07.15 18:11:15.825,1.95579,1.95619,1.19,1.00
2014.07.15 18:11:16.191,1.95582,1.95622,1.19,1.00
2014.07.15 18:11:16.829,1.95582,1.95622,1.69,1.00
2014.07.15 18:11:20.268,1.95582,1.95622,1.19,1.00
2014.07.15 18:11:21.748,1.95582,1.95622,1.19,1.00
2014.07.15 18:11:25.194,1.95582,1.95622,1.19,1.00
2014.07.15 18:11:25.650,1.95584,1.95622,1.27,1.00
2014.07.15 18:11:26.204,1.95582,1.95623,1.77,1.00
2014.07.15 18:11:26.255,1.95582,1.95623,1.27,1.00
2014.07.15 18:11:26.767,1.95582,1.95622,1.27,1.00
2014.07.15 18:11:27.686,1.95582,1.95622,1.27,1.00
2014.07.15 18:11:28.631,1.95592,1.95622,1.00,1.00
2014.07.15 18:11:30.151,1.95597,1.95628,1.00,1.00
2014.07.15 18:11:30.252,1.95597,1.95633,1.19,1.00
2014.07.15 18:11:30.303,1.95606,1.95633,1.00,1.00
2014.07.15 18:11:30.455,1.95611,1.95651,1.00,1.00
2014.07.15 18:11:30.657,1.95612,1.95657,1.00,1.19
2014.07.15 18:11:31.359,1.9561,1.9566,1.00,1.19
2014.07.15 18:11:31.409,1.9561,1.9566,1.19,1.19
2014.07.15 18:11:31.715,1.95608,1.95642,1.29,1.00
2014.07.15 18:11:32.150,1.95606,1.95642,1.29,1.00
2014.07.15 18:11:33.218,1.95606,1.95642,1.19,1.00
2014.07.15 18:11:34.947,1.95606,1.95642,1.19,1.00
2014.07.15 18:11:35.973,1.95603,1.95642,1.19,1.00
2014.07.15 18:11:39.046,1.95603,1.95642,1.19,1.00
2014.07.15 18:11:42.050,1.95603,1.95642,1.19,1.00
2014.07.15 18:11:43.254,1.95603,1.95642,1.19,1.00
2014.07.15 18:11:46.871,1.95603,1.95642,1.19,1.00
2014.07.15 18:11:48.333,1.95603,1.95648,1.19,1.00
2014.07.15 18:11:48.434,1.95603,1.95653,1.19,1.19
2014.07.15 18:11:48.912,1.95603,1.9565,1.19,1.00
2014.07.15 18:11:53.795,1.95603,1.9565,1.27,1.25
2014.07.15 18:11:57.215,1.95603,1.9565,1.27,1.19
2014.07.15 18:11:58.360,1.95602,1.9565,1.37,1.19
2014.07.15 18:12:03.935,1.95603,1.9565,1.27,1.19
2014.07.15 18:12:06.342,1.95603,1.9565,1.27,1.19
2014.07.15 18:12:07.961,1.95603,1.9565,1.27,1.19
2014.07.15 18:12:14.371,1.95603,1.9565,1.19,1.19
2014.07.15 18:12:18.661,1.95607,1.9565,1.00,1.19
2014.07.15 18:12:19.239,1.95605,1.9565,1.19,1.19
2014.07.15 18:12:20.611,1.95604,1.9565,1.19,1.19
2014.07.15 18:12:21.631,1.95604,1.9565,1.19,1.19
2014.07.15 18:12:22.808,1.95604,1.9565,1.19,1.19
2014.07.15 18:12:23.812,1.95604,1.9565,1.00,1.19
2014.07.15 18:12:27.829,1.95604,1.9565,1.19,1.19
2014.07.15 18:12:28.944,1.95604,1.9565,1.19,1.19
2014.07.15 18:12:29.977,1.95604,1.95655,1.19,1.19
2014.07.15 18:12:30.098,1.95612,1.95655,1.00,1.19
2014.07.15 18:12:31.088,1.95604,1.95655,1.19,1.19
2014.07.15 18:12:31.442,1.95604,1.95655,1.19,1.19
2014.07.15 18:12:31.945,1.95604,1.95655,1.19,1.19
2014.07.15 18:12:32.647,1.95612,1.95656,1.00,1.19
2014.07.15 18:12:32.950,1.95612,1.95656,1.00,1.19
2014.07.15 18:12:33.953,1.95612,1.95655,1.00,1.19
2014.07.15 18:12:37.263,1.95612,1.95655,1.00,1.19
2014.07.15 18:12:42.216,1.95612,1.95655,1.25,1.19
2014.07.15 18:12:43.416,1.95604,1.95655,1.19,1.69
2014.07.15 18:12:46.899,1.95605,1.95655,1.19,1.19
2014.07.15 18:12:48.801,1.95604,1.95655,1.19,1.69
2014.07.15 18:12:49.904,1.95604,1.95655,1.19,1.69
2014.07.15 18:12:51.447,1.95605,1.95655,1.19,1.19
2014.07.15 18:12:51.958,1.95605,1.95655,1.19,1.19
2014.07.15 18:12:59.150,1.95612,1.95657,1.00,1.19
2014.07.15 18:12:59.372,1.95604,1.95657,1.19,1.69
2014.07.15 18:13:00.038,1.95612,1.95657,1.00,1.69
2014.07.15 18:13:00.139,1.95606,1.95657,1.19,1.19
2014.07.15 18:13:03.163,1.95604,1.95657,1.19,1.19
2014.07.15 18:13:06.674,1.95604,1.95656,1.19,1.19
2014.07.15 18:13:07.001,1.95611,1.95656,1.00,1.19
2014.07.15 18:13:07.777,1.95611,1.95656,1.00,1.19
2014.07.15 18:13:08.912,1.95611,1.95656,1.00,1.19
2014.07.15 18:13:09.885,1.95611,1.95657,1.00,1.69
2014.07.15 18:13:11.396,1.95611,1.95657,1.00,1.19
2014.07.15 18:13:12.213,1.95611,1.95653,1.00,1.19
2014.07.15 18:13:12.797,1.95612,1.95653,1.00,1.19
2014.07.15 18:13:13.218,1.95606,1.95656,1.00,1.19
2014.07.15 18:13:13.328,1.95611,1.95656,1.00,1.19
2014.07.15 18:13:14.206,1.95611,1.95655,1.00,1.69
2014.07.15 18:13:16.318,1.95611,1.95655,1.00,1.19
2014.07.15 18:13:16.999,1.95605,1.95656,1.25,1.69
2014.07.15 18:13:17.099,1.95612,1.95656,1.00,1.69
2014.07.15 18:13:17.539,1.95612,1.95655,1.00,1.19
2014.07.15 18:13:17.837,1.95605,1.95655,1.25,1.19
2014.07.15 18:13:18.531,1.95605,1.95656,1.25,1.69
2014.07.15 18:13:19.836,1.95605,1.95654,1.25,1.19
2014.07.15 18:13:21.894,1.95605,1.95656,1.25,1.69
2014.07.15 18:13:21.944,1.95612,1.95656,1.00,1.69
2014.07.15 18:13:25.057,1.95612,1.95655,1.00,1.19
2014.07.15 18:13:30.624,1.95612,1.95653,1.00,1.19
2014.07.15 18:13:37.321,1.95612,1.95653,1.00,1.19
2014.07.15 18:13:39.555,1.95612,1.95653,1.00,1.19
2014.07.15 18:13:41.414,1.95612,1.95655,1.00,1.19
2014.07.15 18:13:42.016,1.95612,1.95653,1.00,1.19
2014.07.15 18:13:42.560,1.95612,1.95658,1.00,1.19
2014.07.15 18:13:43.357,1.95614,1.95655,1.00,1.19
2014.07.15 18:13:43.779,1.95622,1.95655,1.00,1.25
2014.07.15 18:13:44.087,1.95612,1.95651,1.77,1.00
2014.07.15 18:13:44.289,1.95614,1.9565,1.00,1.00
2014.07.15 18:13:44.858,1.95614,1.95651,1.25,1.00
2014.07.15 18:13:54.501,1.95614,1.95651,1.19,1.00
2014.07.15 18:13:54.913,1.95621,1.95651,1.00,1.00
2014.07.15 18:14:04.817,1.95614,1.95651,1.25,1.00
2014.07.15 18:14:04.918,1.95615,1.95651,1.15,1.00
2014.07.15 18:14:05.513,1.95615,1.9565,1.15,1.00
2014.07.15 18:14:06.073,1.95615,1.95651,1.15,1.00
2014.07.15 18:14:06.499,1.9562,1.95651,1.00,1.00
2014.07.15 18:14:12.193,1.95622,1.95651,1.00,1.00
2014.07.15 18:14:13.535,1.95625,1.95651,1.00,1.00
2014.07.15 18:14:13.686,1.95632,1.95659,1.00,1.00
2014.07.15 18:14:14.528,1.95629,1.95659,1.00,1.00
2014.07.15 18:14:20.976,1.95631,1.95659,1.00,1.00
2014.07.15 18:14:23.442,1.95629,1.95659,1.00,1.00
2014.07.15 18:14:24.516,1.95627,1.95659,1.00,1.00
2014.07.15 18:14:24.594,1.95627,1.95665,1.00,1.00
2014.07.15 18:14:24.645,1.95631,1.95665,1.00,1.00
2014.07.15 18:14:24.862,1.95623,1.95665,1.27,1.00
2014.07.15 18:14:25.114,1.95623,1.95665,1.08,1.19
2014.07.15 18:14:27.002,1.95623,1.95665,1.08,1.19
2014.07.15 18:14:28.106,1.95623,1.95665,1.08,1.19
2014.07.15 18:14:29.401,1.9563,1.95671,1.00,1.69
2014.07.15 18:14:30.315,1.9563,1.95671,1.00,1.19
2014.07.15 18:14:31.363,1.95632,1.95671,1.00,1.19
2014.07.15 18:14:31.519,1.95632,1.95671,1.00,1.19
2014.07.15 18:14:32.683,1.95632,1.95671,1.00,1.19
2014.07.15 18:14:36.816,1.95631,1.95671,1.00,1.19
2014.07.15 18:14:37.765,1.95631,1.95671,1.00,1.19
2014.07.15 18:14:39.474,1.95631,1.95671,1.50,1.00
2014.07.15 18:14:41.074,1.95631,1.95666,1.69,1.00
2014.07.15 18:14:41.575,1.95632,1.95665,1.00,1.00
2014.07.15 18:14:48.390,1.95627,1.95665,1.00,1.00
2014.07.15 18:14:49.032,1.95623,1.95665,1.27,1.00
2014.07.15 18:14:49.866,1.95623,1.95665,1.08,1.19
2014.07.15 18:14:51.567,1.95623,1.95665,1.08,1.19
2014.07.15 18:14:53.668,1.95623,1.9567,1.00,1.19
2014.07.15 18:14:59.211,1.95621,1.9567,1.25,1.19
2014.07.15 18:14:59.469,1.95619,1.95666,1.00,1.19
2014.07.15 18:15:00.467,1.95619,1.95667,1.00,1.19
2014.07.15 18:15:02.144,1.95612,1.95662,1.77,1.19
2014.07.15 18:15:02.396,1.95612,1.9566,1.50,1.19
2014.07.15 18:15:03.554,1.95611,1.95659,1.00,1.19
2014.07.15 18:15:04.720,1.95611,1.95657,1.00,1.19
2014.07.15 18:15:07.285,1.95621,1.95658,1.00,1.19
2014.07.15 18:15:07.983,1.95621,1.95656,1.00,1.19
2014.07.15 18:15:08.641,1.95621,1.95658,1.00,1.19
2014.07.15 18:15:11.507,1.95621,1.95656,1.00,1.19
2014.07.15 18:15:16.529,1.95611,1.95656,1.00,1.19
2014.07.15 18:15:17.197,1.95611,1.95658,1.00,1.69
2014.07.15 18:15:18.727,1.95612,1.95657,1.00,1.19
2014.07.15 18:15:19.638,1.95612,1.95658,1.00,1.69
2014.07.15 18:15:22.852,1.95612,1.95657,1.00,1.19
2014.07.15 18:15:23.567,1.95611,1.95657,1.00,1.69
2014.07.15 18:15:24.382,1.95611,1.95655,1.00,1.19
2014.07.15 18:15:25.111,1.95612,1.95655,1.00,1.19
2014.07.15 18:15:25.685,1.95612,1.95656,1.00,1.19
2014.07.15 18:15:26.974,1.95612,1.95655,1.00,1.19
2014.07.15 18:15:27.999,1.95611,1.95652,1.00,1.19
2014.07.15 18:15:28.578,1.95611,1.95652,1.00,1.19
2014.07.15 18:15:28.907,1.95611,1.95651,1.08,1.19
2014.07.15 18:15:29.008,1.95616,1.95651,1.00,1.00
2014.07.15 18:15:29.109,1.95621,1.9565,1.00,1.00
2014.07.15 18:15:29.677,1.95624,1.9565,1.00,1.00
2014.07.15 18:15:29.727,1.95624,1.95662,1.00,1.25
2014.07.15 18:15:30.056,1.95632,1.95666,1.00,1.19
2014.07.15 18:15:30.577,1.95631,1.95666,1.00,1.19
2014.07.15 18:15:30.627,1.95631,1.95665,1.00,1.00
2014.07.15 18:15:31.717,1.95631,1.95666,1.00,1.00
2014.07.15 18:15:32.622,1.95631,1.95677,1.00,1.19
2014.07.15 18:15:32.830,1.95631,1.95661,1.00,1.00
2014.07.15 18:15:33.575,1.95632,1.95661,1.00,1.00
2014.07.15 18:15:34.446,1.95632,1.9566,1.25,1.00
2014.07.15 18:15:54.102,1.95631,1.9566,1.00,1.00
2014.07.15 18:15:54.756,1.95631,1.95661,1.00,1.00
2014.07.15 18:15:55.472,1.95625,1.95661,1.34,1.00
2014.07.15 18:15:55.627,1.95629,1.9566,1.00,1.00
2014.07.15 18:15:55.843,1.95627,1.9566,1.10,1.00
2014.07.15 18:16:01.422,1.95625,1.9566,1.34,1.00
2014.07.15 18:16:02.209,1.95625,1.9566,1.34,1.00
2014.07.15 18:16:04.417,1.95625,1.9566,1.34,1.00
2014.07.15 18:16:06.827,1.95625,1.9566,1.34,1.00
2014.07.15 18:16:07.550,1.95625,1.9566,1.27,1.00
2014.07.15 18:16:10.163,1.95625,1.9566,1.25,1.00
2014.07.15 18:16:16.052,1.95625,1.95665,1.25,1.00
2014.07.15 18:16:16.278,1.95628,1.95665,1.00,1.00
2014.07.15 18:16:16.585,1.95632,1.95665,1.00,1.00
2014.07.15 18:16:16.837,1.95624,1.9566,1.10,1.00
2014.07.15 18:16:17.484,1.95622,1.9566,1.19,1.00
2014.07.15 18:16:18.691,1.95616,1.9566,1.19,1.00
2014.07.15 18:16:20.179,1.95616,1.9566,1.19,1.25
2014.07.15 18:16:21.864,1.95621,1.9566,1.00,1.25
2014.07.15 18:16:22.659,1.95621,1.95661,1.10,1.25
2014.07.15 18:16:24.171,1.95615,1.9566,1.77,1.00
2014.07.15 18:16:24.762,1.95618,1.95661,1.09,1.00
2014.07.15 18:16:25.685,1.95617,1.9566,1.34,1.00
2014.07.15 18:16:26.694,1.95615,1.95661,1.77,1.00
2014.07.15 18:16:28.177,1.95615,1.9566,1.77,1.00
2014.07.15 18:16:28.705,1.95618,1.95661,1.09,1.00
2014.07.15 18:16:29.682,1.95615,1.9566,1.77,1.00
2014.07.15 18:16:32.231,1.95618,1.95661,1.09,1.00
2014.07.15 18:16:32.835,1.95618,1.9566,1.18,1.00
2014.07.15 18:16:33.434,1.95618,1.95661,1.18,1.00
2014.07.15 18:16:34.724,1.95615,1.9566,1.77,1.00
2014.07.15 18:16:35.299,1.95617,1.95661,1.34,1.00
2014.07.15 18:16:35.811,1.95615,1.9566,1.77,1.00
2014.07.15 18:16:36.460,1.95616,1.95661,1.34,1.00
2014.07.15 18:16:36.977,1.95615,1.9566,1.02,1.00
2014.07.15 18:16:37.512,1.95616,1.95661,1.34,1.00
2014.07.15 18:16:38.755,1.95615,1.9566,1.77,1.00
2014.07.15 18:16:39.625,1.95615,1.95661,1.77,1.00
2014.07.15 18:16:40.153,1.95619,1.9566,1.08,1.00
2014.07.15 18:16:42.225,1.95617,1.95661,1.34,1.00
2014.07.15 18:16:43.669,1.9562,1.9566,1.08,1.00
2014.07.15 18:16:44.216,1.9562,1.95661,1.08,1.00
2014.07.15 18:16:44.725,1.95616,1.9566,1.34,1.00
2014.07.15 18:16:45.275,1.95618,1.95661,1.37,1.00
2014.07.15 18:16:46.336,1.95618,1.9566,1.37,1.00
2014.07.15 18:16:46.839,1.95616,1.95661,1.34,1.00
2014.07.15 18:16:47.685,1.95621,1.9566,1.10,1.00
2014.07.15 18:16:48.695,1.95615,1.95661,1.77,1.00
2014.07.15 18:16:49.752,1.95615,1.9566,1.77,1.00
2014.07.15 18:16:51.204,1.95618,1.95661,1.09,1.00
2014.07.15 18:16:52.199,1.95618,1.9566,1.18,1.00
2014.07.15 18:16:52.735,1.95619,1.95661,1.08,1.00
2014.07.15 18:16:53.252,1.95617,1.9566,1.34,1.00
2014.07.15 18:16:54.768,1.95619,1.9566,1.08,1.00
2014.07.15 18:16:56.810,1.95619,1.95661,1.33,1.00
2014.07.15 18:16:57.375,1.95618,1.9566,1.37,1.00
2014.07.15 18:16:57.891,1.95616,1.95661,1.34,1.00
2014.07.15 18:16:58.612,1.95621,1.95665,1.10,1.19
2014.07.15 18:16:59.524,1.95618,1.95665,1.37,1.19
2014.07.15 18:17:02.526,1.95619,1.95665,1.33,1.19
2014.07.15 18:17:05.645,1.95618,1.95665,1.34,1.19
2014.07.15 18:17:07.883,1.95618,1.95665,1.34,1.00
2014.07.15 18:17:09.865,1.95618,1.95665,1.34,1.19
2014.07.15 18:17:11.895,1.95618,1.95665,1.27,1.19
2014.07.15 18:17:12.454,1.95618,1.95665,1.19,1.25
2014.07.15 18:17:13.495,1.95618,1.95665,1.19,1.19
2014.07.15 18:17:14.605,1.95621,1.95665,1.00,1.19
2014.07.15 18:17:15.586,1.95621,1.95665,1.10,1.19
2014.07.15 18:17:19.698,1.95621,1.95665,1.10,1.19
2014.07.15 18:17:21.414,1.95621,1.95665,1.10,1.19
2014.07.15 18:17:22.278,1.95618,1.95666,1.25,1.19
2014.07.15 18:17:23.114,1.95618,1.95666,1.00,1.19
2014.07.15 18:17:24.130,1.95618,1.95666,1.25,1.19
2014.07.15 18:17:25.518,1.95618,1.95666,1.19,1.19
2014.07.15 18:17:27.129,1.95616,1.95666,1.19,1.19
2014.07.15 18:17:27.645,1.95619,1.95666,1.00,1.19
2014.07.15 18:17:28.701,1.95616,1.95666,1.19,1.19
2014.07.15 18:17:29.834,1.95611,1.95663,1.77,1.19
2014.07.15 18:17:31.483,1.95611,1.9566,1.27,1.19
2014.07.15 18:17:32.145,1.95611,1.9566,1.27,1.19
2014.07.15 18:17:34.375,1.95611,1.95662,1.77,1.19
2014.07.15 18:17:35.589,1.95611,1.9566,1.77,1.19
2014.07.15 18:17:36.886,1.95611,1.95659,1.19,1.19
2014.07.15 18:17:37.867,1.95611,1.95659,1.00,1.19
2014.07.15 18:17:38.406,1.9561,1.95659,1.00,1.69
2014.07.15 18:17:41.679,1.9561,1.95659,1.19,1.19
2014.07.15 18:17:45.392,1.9561,1.95659,1.00,1.69
2014.07.15 18:17:46.614,1.95606,1.95659,1.29,1.69
2014.07.15 18:17:47.124,1.95611,1.95661,1.00,2.44
2014.07.15 18:17:54.435,1.95611,1.9566,1.25,1.19
2014.07.15 18:17:56.634,1.95611,1.95661,1.00,2.44
2014.07.15 18:18:00.278,1.95611,1.95659,1.00,1.19
2014.07.15 18:18:05.000,1.95611,1.95658,1.00,1.19
2014.07.15 18:18:05.593,1.9561,1.95658,1.00,1.69
2014.07.15 18:18:05.913,1.95612,1.95658,1.00,1.19
2014.07.15 18:18:06.453,1.95612,1.95658,1.00,1.19
2014.07.15 18:18:07.876,1.95612,1.95656,1.00,1.19
2014.07.15 18:18:09.012,1.95612,1.95658,1.00,1.19
2014.07.15 18:18:09.333,1.95607,1.95658,1.19,1.19
2014.07.15 18:18:10.529,1.95607,1.95658,1.19,1.19
2014.07.15 18:18:11.666,1.95612,1.95658,1.00,1.27
2014.07.15 18:18:14.800,1.95612,1.95658,1.00,1.27
2014.07.15 18:18:16.223,1.95612,1.95658,1.00,1.27
2014.07.15 18:18:17.409,1.95612,1.95658,1.00,1.27
2014.07.15 18:18:23.160,1.95612,1.95658,1.00,1.19
2014.07.15 18:18:24.149,1.95612,1.95659,1.00,1.19
2014.07.15 18:18:25.635,1.95612,1.95659,1.00,1.19
2014.07.15 18:18:26.053,1.95607,1.95658,1.19,1.19
2014.07.15 18:18:27.713,1.95611,1.95658,1.00,1.19
2014.07.15 18:18:29.854,1.95611,1.95658,1.19,1.19
2014.07.15 18:18:31.857,1.95611,1.95659,1.19,1.19
2014.07.15 18:18:34.565,1.95611,1.95659,1.00,1.19
2014.07.15 18:18:36.272,1.95611,1.95659,1.19,1.19
2014.07.15 18:18:38.783,1.95611,1.95658,1.25,1.19
2014.07.15 18:18:39.596,1.95612,1.95658,1.00,1.19
2014.07.15 18:18:40.187,1.95612,1.95659,1.19,1.19
2014.07.15 18:18:42.304,1.95606,1.95658,1.37,1.19
2014.07.15 18:18:43.698,1.95606,1.95658,1.37,1.19
2014.07.15 18:18:47.759,1.95605,1.95656,1.34,1.19
2014.07.15 18:18:49.608,1.95605,1.95656,1.34,1.19
2014.07.15 18:18:51.893,1.9561,1.95658,1.00,1.69
2014.07.15 18:18:52.342,1.95604,1.95655,1.37,1.19
2014.07.15 18:18:52.443,1.95607,1.95659,1.19,1.69
2014.07.15 18:18:53.464,1.95605,1.95658,1.19,1.69
2014.07.15 18:18:56.072,1.95605,1.95658,1.19,1.69
2014.07.15 18:18:57.158,1.95605,1.95658,1.19,1.69
2014.07.15 18:18:58.199,1.95605,1.95656,1.19,1.19
2014.07.15 18:18:59.385,1.95604,1.95655,1.02,1.69
2014.07.15 18:19:02.453,1.95606,1.95655,1.00,1.27
2014.07.15 18:19:02.923,1.95606,1.95659,1.19,1.84
2014.07.15 18:19:03.994,1.95606,1.95659,1.19,1.84
2014.07.15 18:19:05.097,1.95606,1.95659,1.19,2.59
2014.07.15 18:19:07.007,1.95603,1.95653,1.19,1.19
2014.07.15 18:19:08.116,1.95603,1.95653,1.19,1.19
2014.07.15 18:19:09.261,1.95607,1.95657,1.00,1.34
2014.07.15 18:19:09.783,1.95607,1.95658,1.19,1.84
2014.07.15 18:19:11.624,1.95607,1.95658,1.19,1.34
2014.07.15 18:19:12.143,1.95611,1.95658,1.00,1.34
2014.07.15 18:19:13.151,1.95611,1.95658,1.00,1.34
2014.07.15 18:19:14.432,1.95611,1.95658,1.00,1.84
2014.07.15 18:19:16.157,1.95611,1.95658,1.00,1.34
2014.07.15 18:19:17.242,1.95611,1.95658,1.00,1.84
2014.07.15 18:19:19.047,1.95611,1.95658,1.00,1.34
2014.07.15 18:19:22.058,1.95611,1.95658,1.00,1.77
2014.07.15 18:19:22.371,1.95607,1.95658,1.19,1.77
2014.07.15 18:19:23.585,1.95603,1.95653,1.19,1.19
2014.07.15 18:19:26.104,1.95603,1.95653,1.19,1.19
2014.07.15 18:19:27.218,1.95603,1.95653,1.19,1.19
2014.07.15 18:19:31.684,1.95601,1.95651,1.69,1.19
2014.07.15 18:19:32.688,1.95601,1.95651,1.69,1.19
2014.07.15 18:19:32.991,1.95607,1.95655,1.00,1.19
2014.07.15 18:19:33.919,1.95607,1.95658,1.19,1.77
2014.07.15 18:19:34.351,1.95611,1.95658,1.08,1.19
2014.07.15 18:19:34.401,1.95612,1.95661,1.10,1.25
2014.07.15 18:19:34.452,1.95619,1.95666,1.00,1.19
2014.07.15 18:19:34.760,1.95614,1.95661,1.19,1.00
2014.07.15 18:19:36.129,1.95615,1.95661,1.19,1.25
2014.07.15 18:19:39.356,1.95622,1.95661,1.00,1.25
2014.07.15 18:19:39.876,1.95621,1.95661,1.25,1.25
2014.07.15 18:19:40.381,1.95622,1.95661,1.00,1.25
2014.07.15 18:19:41.042,1.95622,1.95661,1.00,1.19
2014.07.15 18:19:41.831,1.95622,1.95661,1.00,1.19
2014.07.15 18:19:42.381,1.95621,1.95661,1.00,1.19
2014.07.15 18:19:42.935,1.95621,1.95661,1.00,1.19
2014.07.15 18:19:44.340,1.95621,1.95661,1.25,1.25
2014.07.15 18:19:47.953,1.95621,1.95661,1.00,1.19
2014.07.15 18:19:53.066,1.95621,1.95661,1.25,1.25
2014.07.15 18:19:56.025,1.95621,1.95661,1.00,1.19
2014.07.15 18:19:56.176,1.95612,1.95661,1.69,1.19
2014.07.15 18:19:56.988,1.95611,1.95659,1.25,1.19
2014.07.15 18:19:58.917,1.95612,1.9566,1.00,1.19
2014.07.15 18:19:59.299,1.95612,1.95662,1.00,1.69
2014.07.15 18:20:00.296,1.95612,1.95662,1.19,1.69
2014.07.15 18:20:03.607,1.95612,1.95662,1.25,1.69
2014.07.15 18:20:04.921,1.95611,1.9566,1.00,1.27
2014.07.15 18:20:05.462,1.95612,1.9566,1.00,1.27
2014.07.15 18:20:10.035,1.95612,1.9566,1.00,1.27
2014.07.15 18:20:11.140,1.95611,1.9566,1.00,1.27
2014.07.15 18:20:11.393,1.95602,1.95649,1.00,1.19
2014.07.15 18:20:11.906,1.95601,1.95647,1.00,1.02
2014.07.15 18:20:12.124,1.95593,1.95646,1.19,1.00
2014.07.15 18:20:12.186,1.95594,1.95647,1.19,1.29
2014.07.15 18:20:13.403,1.95591,1.95639,1.19,1.19
2014.07.15 18:20:14.568,1.95591,1.95639,1.25,1.19
2014.07.15 18:20:15.946,1.95592,1.95639,1.00,1.19
2014.07.15 18:20:15.997,1.95592,1.95638,1.00,1.19
2014.07.15 18:20:16.098,1.95588,1.95637,1.00,1.35
2014.07.15 18:20:16.150,1.95581,1.95632,1.19,1.27
2014.07.15 18:20:16.200,1.95582,1.9563,1.00,1.19
2014.07.15 18:20:16.301,1.95578,1.95628,1.25,1.19
2014.07.15 18:20:17.422,1.95576,1.95627,1.19,1.19
2014.07.15 18:20:18.803,1.95582,1.95627,1.00,1.19
2014.07.15 18:20:19.369,1.95581,1.95626,1.00,1.19
2014.07.15 18:20:21.159,1.95582,1.95628,1.00,1.69
2014.07.15 18:20:21.486,1.95584,1.9563,1.00,1.19
2014.07.15 18:20:21.536,1.95588,1.95638,1.00,2.40
2014.07.15 18:20:21.637,1.95591,1.95638,1.00,1.19
2014.07.15 18:20:21.942,1.95601,1.95644,1.00,1.19
2014.07.15 18:20:22.147,1.95592,1.95644,1.19,1.19
2014.07.15 18:20:22.566,1.95602,1.95645,1.00,1.19
2014.07.15 18:20:24.051,1.95591,1.95639,1.00,1.19
2014.07.15 18:20:24.101,1.95601,1.95639,1.00,1.19
2014.07.15 18:20:24.303,1.95592,1.95641,1.00,1.19
2014.07.15 18:20:25.433,1.95592,1.95643,1.69,1.69
2014.07.15 18:20:26.043,1.95591,1.95635,1.00,1.19
2014.07.15 18:20:26.094,1.95587,1.95635,1.18,1.19
2014.07.15 18:20:27.040,1.95583,1.95634,1.77,1.69
2014.07.15 18:20:28.349,1.95583,1.95633,1.77,1.19
2014.07.15 18:20:30.742,1.95581,1.95628,1.77,1.19
2014.07.15 18:20:30.843,1.95581,1.95628,1.19,1.19
2014.07.15 18:20:31.459,1.95581,1.95622,1.00,1.19
2014.07.15 18:20:32.465,1.95581,1.95622,1.00,1.19
2014.07.15 18:20:34.091,1.95581,1.95622,1.00,1.00
2014.07.15 18:20:34.142,1.95592,1.95622,1.00,1.00
2014.07.15 18:20:34.193,1.95592,1.95636,1.00,1.19
2014.07.15 18:20:34.293,1.95591,1.95637,1.00,1.19
2014.07.15 18:20:34.445,1.95592,1.95637,1.18,1.19
2014.07.15 18:20:34.596,1.95601,1.95647,1.00,1.19
2014.07.15 18:20:35.194,1.95602,1.95647,1.00,1.19
2014.07.15 18:20:35.699,1.95595,1.95646,1.29,1.19
2014.07.15 18:20:36.140,1.95601,1.95647,1.19,1.19
2014.07.15 18:20:37.315,1.95602,1.95652,1.25,1.27
2014.07.15 18:20:38.410,1.95601,1.95651,1.19,1.29
2014.07.15 18:20:39.415,1.95601,1.95651,1.19,1.29
2014.07.15 18:20:41.756,1.95595,1.95648,1.29,1.19
2014.07.15 18:20:42.815,1.95602,1.95647,1.00,1.19
2014.07.15 18:20:43.846,1.95602,1.95651,1.19,1.19
2014.07.15 18:20:44.426,1.9561,1.95657,1.00,1.29
2014.07.15 18:20:44.577,1.95611,1.95664,1.69,1.57
2014.07.15 18:20:44.628,1.95617,1.95667,1.00,1.64
2014.07.15 18:20:45.161,1.95617,1.9566,1.25,1.19
2014.07.15 18:20:45.591,1.95619,1.9566,1.00,1.19
2014.07.15 18:20:45.908,1.95619,1.95661,1.19,1.25
2014.07.15 18:20:49.096,1.95612,1.9566,1.19,1.19
2014.07.15 18:20:49.600,1.95615,1.9566,1.19,1.00
2014.07.15 18:20:50.003,1.95611,1.95661,1.69,1.77
2014.07.15 18:20:50.372,1.95621,1.95661,1.00,1.77
2014.07.15 18:20:50.889,1.95622,1.9566,1.00,1.19
2014.07.15 18:20:51.484,1.95615,1.9566,1.00,1.19
2014.07.15 18:20:51.535,1.95615,1.9566,1.19,1.19
2014.07.15 18:20:51.911,1.95621,1.9566,1.00,1.19
2014.07.15 18:20:55.065,1.95613,1.95661,1.19,1.29
2014.07.15 18:20:56.621,1.95612,1.9566,1.19,1.19
2014.07.15 18:20:57.970,1.95612,1.9566,1.19,1.19
2014.07.15 18:20:58.319,1.95617,1.9566,1.00,1.19
2014.07.15 18:20:58.929,1.95617,1.9566,1.00,1.19
2014.07.15 18:20:59.281,1.95617,1.95653,1.00,1.19
2014.07.15 18:20:59.382,1.95614,1.95653,1.00,1.19
2014.07.15 18:20:59.691,1.95611,1.95653,1.00,1.19
2014.07.15 18:21:00.540,1.95611,1.95651,1.00,1.19
2014.07.15 18:21:01.077,1.95612,1.95651,1.00,1.19
2014.07.15 18:21:01.794,1.95612,1.9565,1.00,1.19
2014.07.15 18:21:02.682,1.95611,1.9565,1.00,1.19
2014.07.15 18:21:03.086,1.95613,1.9565,1.00,1.19
2014.07.15 18:21:03.700,1.95613,1.95653,1.00,1.19
2014.07.15 18:21:04.411,1.95611,1.95653,1.00,1.19
2014.07.15 18:21:04.918,1.95611,1.95651,1.00,1.19
2014.07.15 18:21:05.508,1.95611,1.95644,1.00,1.19
2014.07.15 18:21:05.710,1.95601,1.95644,1.00,1.19
2014.07.15 18:21:06.065,1.95601,1.9564,1.00,1.19
2014.07.15 18:21:08.261,1.95602,1.9564,1.00,1.19
2014.07.15 18:21:08.880,1.95601,1.9564,1.50,1.19
2014.07.15 18:21:09.229,1.95601,1.95638,1.50,1.19
2014.07.15 18:21:09.999,1.95611,1.95638,1.00,1.19
2014.07.15 18:21:12.897,1.95611,1.9564,1.00,1.19
2014.07.15 18:21:14.133,1.95602,1.9564,1.00,1.19
2014.07.15 18:21:15.108,1.95602,1.95638,1.00,1.19
2014.07.15 18:21:15.648,1.95601,1.95638,1.00,1.19
2014.07.15 18:21:15.916,1.9559,1.9563,1.00,1.19
2014.07.15 18:21:16.471,1.95591,1.9563,1.00,1.19
2014.07.15 18:21:16.858,1.95591,1.95628,1.00,1.19
2014.07.15 18:21:16.909,1.95586,1.95628,1.00,1.19
2014.07.15 18:21:18.185,1.95588,1.95628,1.00,1.19
2014.07.15 18:21:18.496,1.95592,1.95628,1.50,1.19
2014.07.15 18:21:18.932,1.95583,1.95628,1.83,1.19
2014.07.15 18:21:19.083,1.95592,1.95628,1.00,1.19
2014.07.15 18:21:19.301,1.95583,1.95628,1.83,1.19
2014.07.15 18:21:20.154,1.95583,1.95629,1.83,1.19
2014.07.15 18:21:23.155,1.95583,1.9563,1.83,1.19
2014.07.15 18:21:23.407,1.95592,1.9563,1.00,1.19
2014.07.15 18:21:23.558,1.95592,1.95636,1.50,1.19
2014.07.15 18:21:23.659,1.95595,1.95636,1.00,1.19
2014.07.15 18:21:25.190,1.95592,1.95636,1.00,1.19
2014.07.15 18:21:25.607,1.95592,1.95628,1.00,1.19
2014.07.15 18:21:25.660,1.95588,1.95628,1.00,1.19
2014.07.15 18:21:25.872,1.95585,1.95628,1.00,1.19
2014.07.15 18:21:26.023,1.95591,1.95628,1.00,1.19
2014.07.15 18:21:26.696,1.95588,1.95628,1.18,1.19
2014.07.15 18:21:27.276,1.95588,1.95626,1.18,1.19
2014.07.15 18:21:28.406,1.95586,1.95624,1.15,1.19
2014.07.15 18:21:29.251,1.95586,1.95624,1.08,1.19
2014.07.15 18:21:29.302,1.95586,1.95624,1.00,1.19
2014.07.15 18:21:29.488,1.95586,1.95626,1.00,1.19
2014.07.15 18:21:29.920,1.95588,1.95626,1.00,1.19
2014.07.15 18:21:31.900,1.95585,1.95626,1.00,1.19
2014.07.15 18:21:32.594,1.95582,1.95626,1.18,1.19
2014.07.15 18:21:32.746,1.95592,1.95618,1.00,1.19
2014.07.15 18:21:32.847,1.95582,1.95618,1.18,1.19
2014.07.15 18:21:32.898,1.95582,1.95618,1.00,1.19
2014.07.15 18:21:33.383,1.95592,1.95618,1.00,1.19
2014.07.15 18:21:36.219,1.95592,1.95617,1.00,1.19
2014.07.15 18:21:37.765,1.95592,1.95619,1.00,1.19
2014.07.15 18:21:37.866,1.95582,1.95619,1.00,1.19
2014.07.15 18:21:38.390,1.95581,1.95619,1.00,1.19
2014.07.15 18:21:41.647,1.95581,1.95621,1.00,1.19
2014.07.15 18:21:42.238,1.95581,1.9562,1.00,1.19
2014.07.15 18:21:44.186,1.95581,1.95621,1.00,1.19
2014.07.15 18:21:45.588,1.95581,1.95619,1.50,1.19
2014.07.15 18:21:46.398,1.95582,1.95619,1.00,1.19
2014.07.15 18:21:46.592,1.95592,1.95622,1.00,1.19
2014.07.15 18:21:47.577,1.95591,1.95622,1.00,1.19
2014.07.15 18:21:48.007,1.95591,1.95626,1.00,1.19
2014.07.15 18:21:50.103,1.95586,1.95626,1.00,1.19
2014.07.15 18:21:50.204,1.95584,1.95626,1.00,1.19
2014.07.15 18:21:50.305,1.95582,1.9562,1.00,1.19
2014.07.15 18:21:50.406,1.95576,1.9562,1.08,1.19
2014.07.15 18:21:50.711,1.95571,1.9562,1.58,1.19
2014.07.15 18:21:50.812,1.95571,1.9562,1.00,1.19
2014.07.15 18:21:51.329,1.95572,1.9562,1.00,1.19
2014.07.15 18:21:51.531,1.95572,1.95613,1.00,1.19
2014.07.15 18:21:52.080,1.95568,1.95613,1.00,1.19
2014.07.15 18:21:52.131,1.95568,1.95611,1.00,1.19
2014.07.15 18:21:55.411,1.95566,1.95609,1.00,1.19
2014.07.15 18:21:55.819,1.95564,1.95609,1.00,1.19
2014.07.15 18:21:56.001,1.95562,1.95609,1.00,1.19
2014.07.15 18:21:56.622,1.95562,1.95604,1.50,1.19
2014.07.15 18:21:58.027,1.95562,1.95601,1.50,1.19
2014.07.15 18:21:59.034,1.95562,1.95604,1.00,1.19
2014.07.15 18:22:01.665,1.95562,1.95603,1.00,1.19
2014.07.15 18:22:03.152,1.95562,1.95605,1.00,1.19
2014.07.15 18:22:04.860,1.95562,1.95604,1.00,1.19
2014.07.15 18:22:05.788,1.95562,1.95604,1.58,1.19
2014.07.15 18:22:05.892,1.95581,1.95618,1.00,1.19
2014.07.15 18:22:06.869,1.95581,1.95619,1.50,1.19
2014.07.15 18:22:07.877,1.95581,1.9562,1.50,1.19
2014.07.15 18:22:09.179,1.95581,1.95619,1.00,1.19
2014.07.15 18:22:11.130,1.95581,1.95619,1.50,1.19
2014.07.15 18:22:12.090,1.95581,1.9562,1.50,1.19
2014.07.15 18:22:13.394,1.95581,1.9562,1.50,1.19
2014.07.15 18:22:14.968,1.95583,1.9562,1.00,1.19
2014.07.15 18:22:21.473,1.95583,1.9562,1.00,1.19
2014.07.15 18:22:22.043,1.95584,1.9562,1.00,1.19
2014.07.15 18:22:22.952,1.95583,1.9562,1.00,1.19
2014.07.15 18:22:23.453,1.95582,1.9562,1.00,1.19
2014.07.15 18:22:23.829,1.95584,1.9562,1.00,1.19
2014.07.15 18:22:26.191,1.95584,1.95619,1.00,1.19
2014.07.15 18:22:27.281,1.95582,1.95619,1.00,1.19
2014.07.15 18:22:28.573,1.95582,1.9562,1.00,1.19
2014.07.15 18:22:30.381,1.95582,1.95619,1.00,1.19
2014.07.15 18:22:32.079,1.95581,1.95619,1.50,1.19
2014.07.15 18:22:33.523,1.95581,1.9562,1.50,1.19
2014.07.15 18:22:37.809,1.95581,1.9562,1.50,1.19
2014.07.15 18:22:38.345,1.95582,1.9562,1.00,1.19
2014.07.15 18:22:38.867,1.95581,1.9562,1.50,1.19
2014.07.15 18:22:39.821,1.95582,1.9562,1.00,1.19
2014.07.15 18:22:39.973,1.95592,1.9562,1.00,1.19
2014.07.15 18:22:40.530,1.95592,1.95624,1.00,1.19
2014.07.15 18:22:41.250,1.95584,1.95624,1.00,1.19
2014.07.15 18:22:46.487,1.95584,1.95623,1.00,1.19
2014.07.15 18:22:49.593,1.95581,1.95621,1.50,1.19
2014.07.15 18:22:50.157,1.95582,1.95621,1.50,1.19
2014.07.15 18:22:50.836,1.95592,1.95621,1.00,1.19
2014.07.15 18:22:51.053,1.95582,1.95621,1.50,1.19
2014.07.15 18:22:51.393,1.95582,1.95623,1.50,1.19
2014.07.15 18:22:51.996,1.95582,1.95623,1.50,1.19
2014.07.15 18:22:54.303,1.95582,1.95623,1.50,1.19
2014.07.15 18:22:55.622,1.95581,1.95623,1.00,1.19
2014.07.15 18:22:56.413,1.95581,1.95621,1.00,1.19
2014.07.15 18:22:57.418,1.95581,1.95622,1.00,1.19
2014.07.15 18:23:00.390,1.95582,1.95622,1.00,1.19
2014.07.15 18:23:00.953,1.95582,1.95621,1.00,1.19
2014.07.15 18:23:03.502,1.95582,1.95619,1.00,1.19
2014.07.15 18:23:04.568,1.95582,1.9562,1.00,1.19
2014.07.15 18:23:07.178,1.95582,1.95621,1.00,1.19
2014.07.15 18:23:08.810,1.95582,1.95622,1.00,1.19
2014.07.15 18:23:09.989,1.95582,1.95622,1.00,1.19
2014.07.15 18:23:10.619,1.95581,1.95622,1.00,1.19
2014.07.15 18:23:11.411,1.95581,1.9562,1.00,1.19
2014.07.15 18:23:13.503,1.95581,1.95619,1.00,1.19
2014.07.15 18:23:15.913,1.95581,1.95617,1.00,1.19
2014.07.15 18:23:16.796,1.95582,1.95617,1.00,1.19
2014.07.15 18:23:17.340,1.95582,1.95617,1.00,1.19
2014.07.15 18:23:18.158,1.95582,1.9562,1.00,1.19
2014.07.15 18:23:18.582,1.95591,1.9562,1.00,1.19
2014.07.15 18:23:23.268,1.95582,1.9562,1.00,1.19
2014.07.15 18:23:23.987,1.95582,1.9562,1.00,1.19
2014.07.15 18:23:25.548,1.95582,1.9562,1.00,1.19
2014.07.15 18:23:25.599,1.95592,1.9562,1.00,1.19
2014.07.15 18:23:26.276,1.95581,1.9562,1.50,1.19
2014.07.15 18:23:27.659,1.95581,1.95619,1.50,1.19
2014.07.15 18:23:34.487,1.95581,1.9562,1.50,1.19
2014.07.15 18:23:37.091,1.95581,1.9562,1.50,1.19
2014.07.15 18:23:38.095,1.95581,1.9562,1.50,1.19
2014.07.15 18:23:43.453,1.95581,1.95617,1.50,1.19
2014.07.15 18:23:44.514,1.95581,1.95618,1.50,1.19
2014.07.15 18:23:45.517,1.95581,1.95617,1.50,1.19
2014.07.15 18:23:46.338,1.95582,1.95617,1.00,1.19
2014.07.15 18:23:46.844,1.95582,1.95618,1.50,1.19
2014.07.15 18:23:50.331,1.95582,1.95619,1.50,1.19
2014.07.15 18:23:52.338,1.95582,1.95619,1.50,1.19
2014.07.15 18:23:54.098,1.95582,1.95621,1.50,1.19
2014.07.15 18:23:55.148,1.95582,1.9562,1.00,1.19
2014.07.15 18:23:56.154,1.95582,1.95618,1.00,1.19
2014.07.15 18:23:58.561,1.95582,1.95616,1.00,1.19
2014.07.15 18:23:59.890,1.95582,1.95619,1.00,1.19
2014.07.15 18:24:03.680,1.95582,1.95618,1.00,1.19
2014.07.15 18:24:05.085,1.95582,1.95621,1.00,1.19
2014.07.15 18:24:06.833,1.95582,1.95621,1.08,1.19
2014.07.15 18:24:07.409,1.95592,1.95621,1.00,1.19
2014.07.15 18:24:08.303,1.95592,1.95623,1.00,1.19
2014.07.15 18:24:08.859,1.95591,1.95623,1.00,1.19
2014.07.15 18:24:09.924,1.95592,1.95624,1.00,1.19
2014.07.15 18:24:10.226,1.95591,1.95617,1.00,1.19
2014.07.15 18:24:10.378,1.95572,1.95613,1.00,1.19
2014.07.15 18:24:10.980,1.95571,1.95613,1.10,1.19
2014.07.15 18:24:11.630,1.95571,1.9561,1.10,1.19
2014.07.15 18:24:12.630,1.95571,1.95609,1.10,1.19
2014.07.15 18:24:14.889,1.95571,1.95608,1.10,1.19
2014.07.15 18:24:27.116,1.95571,1.9561,1.10,1.19
2014.07.15 18:24:28.085,1.95569,1.95609,1.08,1.19
2014.07.15 18:24:30.088,1.95569,1.95609,1.08,1.19
2014.07.15 18:24:30.640,1.95569,1.95609,1.18,1.19
2014.07.15 18:24:33.340,1.95569,1.95609,1.18,1.19
2014.07.15 18:24:39.117,1.95569,1.95608,1.18,1.19
2014.07.15 18:24:42.634,1.95569,1.9561,1.18,1.19
2014.07.15 18:24:43.963,1.95569,1.95609,1.18,1.19
2014.07.15 18:24:45.584,1.95569,1.95606,1.18,1.19
2014.07.15 18:24:46.641,1.95569,1.95607,1.18,1.19
2014.07.15 18:24:48.449,1.95569,1.95606,1.18,1.19
2014.07.15 18:24:49.049,1.95569,1.95605,1.18,1.19
2014.07.15 18:24:50.461,1.95569,1.95605,1.00,1.19
2014.07.15 18:24:52.375,1.95571,1.95605,1.00,1.69
2014.07.15 18:24:53.412,1.95571,1.95605,1.00,1.25
2014.07.15 18:24:54.359,1.9557,1.95606,1.00,1.19
2014.07.15 18:24:55.983,1.9557,1.95606,1.00,1.19
2014.07.15 18:24:56.549,1.95572,1.95606,1.00,1.19
2014.07.15 18:24:57.110,1.95572,1.95606,1.00,1.19
2014.07.15 18:24:58.533,1.9557,1.95606,1.00,1.19
2014.07.15 18:24:58.634,1.9557,1.95606,1.00,1.19
2014.07.15 18:24:59.039,1.95572,1.95606,1.00,1.19
2014.07.15 18:25:00.132,1.95572,1.95606,1.00,1.19
2014.07.15 18:25:01.282,1.95566,1.95605,1.18,1.19
2014.07.15 18:25:01.609,1.95572,1.95605,1.00,1.19
2014.07.15 18:25:02.159,1.95566,1.95605,1.18,1.19
2014.07.15 18:25:02.419,1.95565,1.95605,1.15,1.69
2014.07.15 18:25:05.189,1.95565,1.95605,1.00,1.19
2014.07.15 18:25:06.940,1.95565,1.95605,1.08,1.19
2014.07.15 18:25:07.476,1.95565,1.95605,1.15,1.19
2014.07.15 18:25:09.131,1.95565,1.95603,1.15,1.19
2014.07.15 18:25:10.472,1.95565,1.95604,1.08,1.19
2014.07.15 18:25:10.523,1.95565,1.95604,1.00,1.19
2014.07.15 18:25:11.511,1.95565,1.95604,1.00,1.19
2014.07.15 18:25:12.386,1.95565,1.95605,1.00,1.19
2014.07.15 18:25:16.882,1.95565,1.95605,1.00,1.19
2014.07.15 18:25:19.335,1.95565,1.95605,1.00,1.69
2014.07.15 18:25:19.850,1.95565,1.95597,1.00,1.00
2014.07.15 18:25:23.229,1.95565,1.95605,1.00,1.19
2014.07.15 18:25:23.907,1.95565,1.95606,1.00,1.19
2014.07.15 18:25:25.613,1.95565,1.95605,1.00,1.19
2014.07.15 18:25:27.035,1.95565,1.95605,1.00,1.19
2014.07.15 18:25:28.726,1.95565,1.95605,1.00,1.19
2014.07.15 18:25:32.042,1.95565,1.95606,1.00,1.19
2014.07.15 18:25:33.793,1.95565,1.95604,1.00,1.19
2014.07.15 18:25:37.768,1.95565,1.95605,1.00,1.19
2014.07.15 18:25:38.776,1.95565,1.95603,1.00,1.19
2014.07.15 18:25:40.181,1.95565,1.95606,1.00,1.19
2014.07.15 18:25:40.912,1.95571,1.95606,1.00,1.19
2014.07.15 18:25:43.097,1.95561,1.95606,1.69,1.19
2014.07.15 18:25:43.621,1.95561,1.95606,1.00,1.19
2014.07.15 18:25:44.607,1.95561,1.95599,1.00,1.19
2014.07.15 18:25:45.388,1.95562,1.95599,1.00,1.19
2014.07.15 18:25:45.768,1.95571,1.95599,1.00,1.19
2014.07.15 18:25:46.287,1.95571,1.956,1.00,1.19
2014.07.15 18:25:47.370,1.95562,1.956,1.00,1.19
2014.07.15 18:25:48.028,1.95571,1.956,1.00,1.19
2014.07.15 18:25:48.607,1.95571,1.95599,1.00,1.19
2014.07.15 18:25:48.946,1.95561,1.95599,1.00,1.19
2014.07.15 18:25:49.464,1.95561,1.956,1.00,1.19
2014.07.15 18:25:50.535,1.95561,1.95598,1.00,1.19
2014.07.15 18:25:54.649,1.95561,1.95597,1.00,1.19
2014.07.15 18:25:55.734,1.95561,1.95599,1.00,1.19
2014.07.15 18:25:56.059,1.95572,1.95599,1.00,1.19
2014.07.15 18:25:56.311,1.95562,1.95599,1.00,1.19
2014.07.15 18:25:56.362,1.95562,1.95599,1.15,1.19
2014.07.15 18:25:56.412,1.95563,1.95605,1.18,1.19
2014.07.15 18:25:56.668,1.95562,1.95605,1.00,1.19
2014.07.15 18:25:57.073,1.95558,1.95599,1.08,1.19
2014.07.15 18:25:58.174,1.95555,1.95598,1.15,1.19
2014.07.15 18:25:59.220,1.95555,1.95598,1.40,1.19
2014.07.15 18:26:00.586,1.95555,1.956,1.15,1.19
2014.07.15 18:26:01.096,1.95555,1.956,1.08,1.19
2014.07.15 18:26:01.606,1.95555,1.956,1.00,1.19
2014.07.15 18:26:02.226,1.95555,1.95598,1.00,1.19
2014.07.15 18:26:03.320,1.95555,1.95599,1.00,1.19
2014.07.15 18:26:04.299,1.95555,1.95597,1.00,1.19
2014.07.15 18:26:08.069,1.95555,1.95597,1.00,1.19
2014.07.15 18:26:08.378,1.95561,1.95597,1.00,1.19
2014.07.15 18:26:09.075,1.95561,1.95597,1.00,1.19
2014.07.15 18:26:09.725,1.95561,1.95596,1.00,1.19
2014.07.15 18:26:11.436,1.95561,1.95597,1.00,1.19
2014.07.15 18:26:11.989,1.95562,1.95597,1.00,1.19
2014.07.15 18:26:12.577,1.95572,1.95598,1.00,1.19
2014.07.15 18:26:12.788,1.95571,1.95608,1.50,1.19
2014.07.15 18:26:13.292,1.95572,1.95608,1.00,1.19
2014.07.15 18:26:14.150,1.95572,1.95603,1.00,1.19
2014.07.15 18:26:14.868,1.95562,1.95603,1.00,1.19
2014.07.15 18:26:18.568,1.95562,1.95602,1.00,1.19
2014.07.15 18:26:22.915,1.95571,1.95602,1.00,1.19
2014.07.15 18:26:23.215,1.95571,1.95609,1.00,1.19
2014.07.15 18:26:23.367,1.95574,1.95609,1.00,1.19
2014.07.15 18:26:23.919,1.95575,1.95609,1.00,1.19
2014.07.15 18:26:24.640,1.95575,1.95612,1.00,1.19
2014.07.15 18:26:30.618,1.95575,1.95615,1.00,1.19
2014.07.15 18:26:31.189,1.95576,1.95615,1.00,1.19
2014.07.15 18:26:31.973,1.95576,1.95616,1.00,1.19
2014.07.15 18:26:33.630,1.95576,1.95613,1.00,1.19
2014.07.15 18:26:37.143,1.95576,1.95615,1.00,1.19
2014.07.15 18:26:38.479,1.95576,1.95611,1.00,1.19
2014.07.15 18:26:44.802,1.95576,1.95611,1.00,1.19
2014.07.15 18:26:45.366,1.95575,1.95611,1.00,1.19
2014.07.15 18:26:47.105,1.95576,1.95611,1.00,1.19
2014.07.15 18:26:47.537,1.95574,1.95611,1.00,1.19
2014.07.15 18:26:48.103,1.95574,1.95613,1.00,1.19
2014.07.15 18:26:49.800,1.95574,1.95611,1.00,1.19
2014.07.15 18:26:52.114,1.95574,1.95609,1.00,1.19
2014.07.15 18:26:52.927,1.95576,1.95609,1.00,1.19
2014.07.15 18:26:54.918,1.95576,1.95612,1.00,1.19
2014.07.15 18:26:55.945,1.95576,1.95612,1.00,1.19
2014.07.15 18:26:58.437,1.95576,1.95611,1.00,1.19
2014.07.15 18:27:00.542,1.95576,1.95611,1.00,1.19
2014.07.15 18:27:03.452,1.95576,1.95614,1.00,1.19
2014.07.15 18:27:04.761,1.95576,1.95613,1.00,1.19
2014.07.15 18:27:06.917,1.95576,1.95611,1.00,1.19
2014.07.15 18:27:07.459,1.95575,1.95611,1.00,1.19
2014.07.15 18:27:10.087,1.95575,1.95615,1.00,1.19
2014.07.15 18:27:11.415,1.95575,1.95614,1.00,1.19
2014.07.15 18:27:11.962,1.95572,1.95614,1.00,1.19
2014.07.15 18:27:12.349,1.95582,1.95612,1.00,1.19
2014.07.15 18:27:12.711,1.95582,1.95622,1.00,1.19
2014.07.15 18:27:13.232,1.95583,1.95622,1.00,1.19
2014.07.15 18:27:13.434,1.95578,1.95622,1.00,1.19
2014.07.15 18:27:13.737,1.95577,1.95619,1.00,1.19
2014.07.15 18:27:13.937,1.95574,1.95619,1.19,1.19
2014.07.15 18:27:14.834,1.95574,1.95617,1.00,1.19
2014.07.15 18:27:16.115,1.95574,1.95616,1.00,1.19
2014.07.15 18:27:18.157,1.95574,1.95617,1.00,1.19
2014.07.15 18:27:20.560,1.95566,1.95614,2.25,1.19
2014.07.15 18:27:20.611,1.95566,1.95614,1.18,1.19
2014.07.15 18:27:20.662,1.95562,1.95608,1.83,1.00
2014.07.15 18:27:20.712,1.95562,1.95608,1.00,1.00
2014.07.15 18:27:20.863,1.95562,1.95608,1.00,1.08
2014.07.15 18:27:20.964,1.95562,1.95608,1.00,1.00
2014.07.15 18:27:21.475,1.95562,1.95603,1.00,1.19
2014.07.15 18:27:22.342,1.95562,1.95601,1.00,1.19
2014.07.15 18:27:23.374,1.95562,1.95603,1.00,1.19
2014.07.15 18:27:24.350,1.95562,1.95604,1.00,1.19
2014.07.15 18:27:25.288,1.95559,1.95604,1.00,1.19
2014.07.15 18:27:25.618,1.95562,1.95603,1.00,1.19
2014.07.15 18:27:26.077,1.95572,1.95603,1.00,1.19
2014.07.15 18:27:26.431,1.95551,1.956,1.50,1.19
2014.07.15 18:27:26.868,1.95552,1.9559,1.50,1.19
2014.07.15 18:27:27.874,1.95552,1.95591,1.50,1.19
2014.07.15 18:27:27.925,1.95554,1.95591,1.00,1.19
2014.07.15 18:27:29.024,1.95554,1.95591,1.00,1.19
2014.07.15 18:27:29.590,1.95555,1.95591,1.00,1.19
2014.07.15 18:27:29.667,1.95553,1.95591,1.00,1.19
2014.07.15 18:27:31.427,1.95554,1.95591,1.00,1.19
2014.07.15 18:27:32.857,1.95553,1.95591,1.00,1.19
2014.07.15 18:27:34.950,1.95554,1.95592,1.00,1.19
2014.07.15 18:27:35.718,1.95555,1.95592,1.00,1.19
2014.07.15 18:27:36.277,1.95554,1.9559,1.00,1.19
2014.07.15 18:27:37.136,1.95554,1.95592,1.00,1.19
2014.07.15 18:27:39.424,1.95554,1.95592,1.00,1.19
2014.07.15 18:27:40.529,1.95554,1.95589,1.00,1.19
2014.07.15 18:27:42.965,1.95554,1.9559,1.00,1.19
2014.07.15 18:27:44.139,1.95554,1.95589,1.00,1.19
2014.07.15 18:27:45.245,1.95554,1.9559,1.00,1.19
2014.07.15 18:27:48.760,1.95554,1.95591,1.00,1.19
2014.07.15 18:27:53.007,1.95555,1.95589,1.00,1.19
2014.07.15 18:27:54.077,1.95555,1.95592,1.00,1.19
2014.07.15 18:27:55.282,1.95555,1.9559,1.00,1.19
2014.07.15 18:27:56.486,1.95555,1.95591,1.00,1.19
2014.07.15 18:27:59.197,1.95555,1.95591,1.00,1.19
2014.07.15 18:28:00.314,1.95555,1.95589,1.00,1.19
2014.07.15 18:28:01.524,1.95555,1.95591,1.00,1.19
2014.07.15 18:28:03.116,1.95555,1.95592,1.00,1.19
2014.07.15 18:28:04.121,1.95555,1.95594,1.00,1.19
2014.07.15 18:28:07.434,1.95555,1.95593,1.00,1.19
2014.07.15 18:28:08.638,1.95555,1.95593,1.00,1.19
2014.07.15 18:28:09.875,1.95555,1.95595,1.10,1.19
2014.07.15 18:28:10.077,1.95561,1.95595,1.00,1.19
2014.07.15 18:28:11.621,1.95555,1.95595,1.10,1.19
2014.07.15 18:28:11.828,1.95561,1.95595,1.00,1.19
2014.07.15 18:28:13.805,1.95561,1.95594,1.00,1.19
2014.07.15 18:28:17.537,1.95555,1.95593,1.10,1.19
2014.07.15 18:28:18.681,1.95555,1.95593,1.10,1.19
2014.07.15 18:28:26.605,1.95561,1.95593,1.00,1.19
2014.07.15 18:28:27.164,1.95561,1.95594,1.00,1.19
2014.07.15 18:28:28.012,1.95561,1.95585,1.00,1.00
2014.07.15 18:28:30.297,1.95556,1.95585,1.00,1.00
2014.07.15 18:28:33.726,1.95556,1.9559,1.00,1.19
2014.07.15 18:28:34.315,1.95556,1.95594,1.00,1.19
2014.07.15 18:28:34.946,1.95556,1.95592,1.00,1.19
2014.07.15 18:28:35.946,1.95556,1.95593,1.00,1.19
2014.07.15 18:28:38.338,1.95556,1.95587,1.00,1.00
2014.07.15 18:28:47.685,1.95554,1.95587,1.00,1.00
2014.07.15 18:28:48.211,1.95555,1.95586,1.00,1.00
2014.07.15 18:28:49.555,1.95553,1.95586,1.00,1.00
2014.07.15 18:28:55.427,1.95556,1.95586,1.00,1.00
2014.07.15 18:28:59.565,1.95562,1.95586,1.00,1.00
2014.07.15 18:29:02.308,1.95553,1.95586,1.00,1.00
2014.07.15 18:29:04.800,1.95553,1.95586,1.00,1.19
2014.07.15 18:29:06.081,1.95553,1.95586,1.00,1.00
2014.07.15 18:29:07.487,1.95561,1.95586,1.00,1.00
2014.07.15 18:29:16.123,1.95561,1.95586,1.00,1.19
2014.07.15 18:29:16.648,1.95562,1.95586,1.00,1.19
2014.07.15 18:29:17.276,1.95561,1.95586,1.00,1.19
2014.07.15 18:29:18.066,1.95553,1.95586,1.18,1.19
2014.07.15 18:29:18.587,1.95553,1.95586,1.18,1.00
2014.07.15 18:29:18.789,1.95551,1.95586,1.00,1.00
2014.07.15 18:29:19.320,1.95552,1.95586,1.00,1.00
2014.07.15 18:29:22.875,1.95552,1.95586,1.00,1.19
2014.07.15 18:29:24.206,1.95552,1.95586,1.00,1.19
2014.07.15 18:29:27.074,1.95541,1.95578,1.18,1.00
2014.07.15 18:29:27.226,1.95541,1.95578,1.10,1.00
2014.07.15 18:29:28.379,1.95541,1.95577,1.00,1.19
2014.07.15 18:29:28.893,1.95542,1.95577,1.00,1.19
2014.07.15 18:29:32.645,1.95542,1.95578,1.00,1.19
2014.07.15 18:29:33.725,1.95542,1.95578,1.00,1.25
2014.07.15 18:29:34.821,1.95542,1.95578,1.00,1.19
2014.07.15 18:29:37.130,1.95542,1.95578,1.00,1.19
2014.07.15 18:29:38.266,1.95542,1.95578,1.00,1.19
2014.07.15 18:29:39.339,1.95542,1.95578,1.00,1.25
2014.07.15 18:29:55.111,1.95542,1.95578,1.00,1.19
2014.07.15 18:29:56.816,1.95542,1.95578,1.00,1.25
2014.07.15 18:29:57.755,1.95551,1.95578,1.00,1.25
2014.07.15 18:29:57.864,1.95542,1.95578,1.00,1.25
2014.07.15 18:29:58.421,1.95542,1.95578,1.00,1.19
2014.07.15 18:29:58.884,1.95551,1.95578,1.00,1.19
2014.07.15 18:30:01.317,1.95552,1.95578,1.00,1.19
2014.07.15 18:30:01.631,1.95561,1.95581,1.00,1.19
2014.07.15 18:30:01.682,1.95561,1.95586,1.00,1.00
2014.07.15 18:30:01.934,1.95561,1.95589,1.00,1.00
2014.07.15 18:30:02.645,1.95562,1.95589,1.00,1.00
2014.07.15 18:30:08.326,1.95561,1.95589,1.00,1.00
2014.07.15 18:30:08.478,1.95561,1.95586,1.00,1.00
2014.07.15 18:30:08.897,1.95562,1.95589,1.00,1.00
2014.07.15 18:30:09.558,1.95561,1.95589,1.00,1.00
2014.07.15 18:30:13.488,1.95551,1.95589,1.83,1.00
2014.07.15 18:30:13.600,1.95562,1.95589,1.00,1.00
2014.07.15 18:30:14.002,1.95562,1.95597,1.00,1.19
2014.07.15 18:30:14.153,1.95571,1.95597,1.00,1.19
2014.07.15 18:30:14.406,1.95557,1.95596,1.15,1.19
2014.07.15 18:30:14.802,1.95553,1.95596,1.77,1.25
2014.07.15 18:30:16.120,1.95553,1.95597,1.77,1.25
2014.07.15 18:30:16.171,1.95561,1.95597,1.00,1.25
2014.07.15 18:30:18.889,1.95571,1.95597,1.00,1.25
2014.07.15 18:30:21.076,1.95561,1.95597,1.00,1.00
2014.07.15 18:30:22.874,1.95572,1.95597,1.00,1.00
2014.07.15 18:30:26.796,1.95562,1.95597,1.00,1.00
2014.07.15 18:30:29.151,1.95571,1.95597,1.00,1.00
2014.07.15 18:30:30.536,1.95562,1.95597,1.00,1.00
2014.07.15 18:30:30.690,1.95571,1.95597,1.00,1.00
2014.07.15 18:30:33.289,1.95561,1.95597,1.00,1.00
2014.07.15 18:30:33.491,1.95562,1.9559,1.00,1.00
2014.07.15 18:30:33.642,1.95552,1.9559,2.33,1.00
2014.07.15 18:30:33.793,1.95552,1.95591,1.58,1.00
2014.07.15 18:30:34.079,1.95552,1.95591,1.58,1.19
2014.07.15 18:30:34.436,1.95561,1.95591,1.00,1.19
2014.07.15 18:30:34.606,1.95551,1.95591,1.65,1.19
2014.07.15 18:30:35.415,1.95551,1.95591,1.65,1.25
2014.07.15 18:30:36.892,1.95551,1.95591,1.65,1.19
2014.07.15 18:30:37.382,1.95551,1.95586,1.18,1.00
2014.07.15 18:30:37.684,1.95549,1.95578,1.15,1.00
2014.07.15 18:30:37.835,1.95542,1.95578,1.34,1.00
2014.07.15 18:30:38.097,1.95542,1.95577,1.00,1.00
2014.07.15 18:30:38.676,1.95545,1.95577,1.00,1.00
2014.07.15 18:30:38.786,1.95542,1.95577,1.50,1.00
2014.07.15 18:30:42.918,1.95542,1.95577,1.08,1.00
2014.07.15 18:30:43.220,1.95551,1.95585,1.00,1.00
2014.07.15 18:30:43.321,1.95561,1.95585,1.00,1.00
2014.07.15 18:30:51.954,1.95561,1.95585,1.00,1.00
2014.07.15 18:30:54.673,1.95556,1.95585,1.15,1.00
2014.07.15 18:30:55.006,1.95552,1.95585,1.34,1.00
2014.07.15 18:30:55.982,1.95551,1.95585,1.15,1.00
2014.07.15 18:30:59.576,1.95555,1.95585,1.00,1.00
2014.07.15 18:30:59.727,1.95555,1.95588,1.00,1.69
2014.07.15 18:31:03.677,1.95554,1.95588,1.08,1.50
2014.07.15 18:31:03.980,1.95555,1.95586,1.58,1.00
2014.07.15 18:31:04.333,1.95562,1.95591,1.00,1.00
2014.07.15 18:31:04.434,1.95562,1.95593,1.08,1.00
2014.07.15 18:31:04.774,1.95562,1.95591,1.58,1.00
2014.07.15 18:31:05.803,1.95559,1.95591,1.15,1.00
2014.07.15 18:31:07.492,1.95561,1.9559,1.18,1.00
2014.07.15 18:31:08.002,1.95558,1.95591,1.40,1.00
2014.07.15 18:31:11.362,1.95561,1.9559,1.18,1.00
2014.07.15 18:31:16.395,1.95562,1.956,1.10,1.19
2014.07.15 18:31:18.301,1.95561,1.95599,1.10,1.19
2014.07.15 18:31:18.402,1.95557,1.95599,1.25,1.19
2014.07.15 18:31:18.604,1.95557,1.95597,1.00,1.19
2014.07.15 18:31:18.756,1.95555,1.95597,1.00,1.19
2014.07.15 18:31:19.008,1.95554,1.95587,1.00,1.19
2014.07.15 18:31:19.059,1.95552,1.95587,1.00,1.19
2014.07.15 18:31:19.160,1.95542,1.95587,1.40,1.19
2014.07.15 18:31:19.211,1.95542,1.95587,1.33,1.19
2014.07.15 18:31:19.312,1.95542,1.95578,1.00,1.19
2014.07.15 18:31:24.452,1.95535,1.95578,1.15,1.19
2014.07.15 18:31:24.995,1.95541,1.95578,1.00,1.19
2014.07.15 18:31:25.509,1.95541,1.95579,1.00,1.19
2014.07.15 18:31:27.016,1.95534,1.95579,1.15,1.19
2014.07.15 18:31:27.368,1.95534,1.95579,1.00,1.19
2014.07.15 18:31:27.738,1.95541,1.95579,1.00,1.19
2014.07.15 18:31:28.065,1.95534,1.95578,1.00,1.19
2014.07.15 18:31:28.597,1.95533,1.95578,1.00,1.19
2014.07.15 18:31:29.190,1.95533,1.95575,1.00,1.19
2014.07.15 18:31:29.849,1.95542,1.95575,1.00,1.19
2014.07.15 18:31:30.177,1.95542,1.95577,1.00,1.19
2014.07.15 18:31:32.160,1.95533,1.95577,1.00,1.19
2014.07.15 18:31:32.211,1.95533,1.95575,1.00,1.19
2014.07.15 18:31:32.587,1.95541,1.95575,1.00,1.19
2014.07.15 18:31:33.201,1.95541,1.95579,1.00,1.19
2014.07.15 18:31:34.284,1.95541,1.95582,1.00,1.19
2014.07.15 18:31:35.510,1.95541,1.95582,1.00,1.19
2014.07.15 18:31:40.108,1.95541,1.95583,1.00,1.19
2014.07.15 18:31:42.636,1.95541,1.95582,1.00,1.19
2014.07.15 18:31:43.158,1.95542,1.95582,1.00,1.19
2014.07.15 18:31:43.361,1.95542,1.95576,1.00,1.19
2014.07.15 18:31:44.581,1.95541,1.95576,1.00,1.19
2014.07.15 18:31:45.951,1.95541,1.95578,1.00,1.19
2014.07.15 18:31:47.089,1.95541,1.95583,1.00,1.19
2014.07.15 18:31:48.164,1.95541,1.95581,1.00,1.19
2014.07.15 18:31:48.804,1.95542,1.95581,1.00,1.19
2014.07.15 18:31:51.514,1.95545,1.95583,1.00,1.19
2014.07.15 18:31:51.826,1.95551,1.95586,1.08,1.19
2014.07.15 18:31:52.987,1.95552,1.95589,1.58,1.69
2014.07.15 18:31:54.190,1.95552,1.95589,1.58,1.19
2014.07.15 18:31:56.797,1.95552,1.95589,1.58,1.25
2014.07.15 18:31:57.576,1.95552,1.95588,1.58,1.00
2014.07.15 18:31:57.905,1.95561,1.95588,1.00,1.00
2014.07.15 18:31:58.225,1.95564,1.95588,1.10,1.00
2014.07.15 18:31:58.765,1.95561,1.95587,1.15,1.00
2014.07.15 18:32:46.041,1.95562,1.95607,1.18,1.19
2014.07.15 18:32:46.888,1.95562,1.95608,1.18,1.19
2014.07.15 18:32:49.295,1.95562,1.95607,1.18,1.19
2014.07.15 18:32:49.731,1.95562,1.95607,1.10,1.19
2014.07.15 18:32:49.961,1.95555,1.95607,1.34,1.57
2014.07.15 18:32:50.013,1.95555,1.95596,1.34,1.00
2014.07.15 18:32:50.342,1.95562,1.95596,1.00,1.00
2014.07.15 18:32:52.315,1.95562,1.95596,1.00,1.19
2014.07.15 18:32:55.748,1.95562,1.95596,1.00,1.19
2014.07.15 18:32:56.828,1.95562,1.95596,1.00,1.19
2014.07.15 18:33:00.140,1.95562,1.95596,1.00,1.25
2014.07.15 18:33:01.782,1.95562,1.95596,1.00,1.19
2014.07.15 18:33:05.367,1.95555,1.95596,1.15,1.19
2014.07.15 18:33:05.519,1.95553,1.95591,1.15,1.00
2014.07.15 18:33:05.837,1.95551,1.95587,1.18,1.00
2014.07.15 18:33:06.095,1.95542,1.95582,1.75,1.19
2014.07.15 18:33:06.196,1.95538,1.95582,1.02,1.19
2014.07.15 18:33:06.297,1.95537,1.95579,1.18,1.19
2014.07.15 18:33:06.627,1.95533,1.95579,1.08,1.19
2014.07.15 18:33:07.444,1.95533,1.95576,1.08,1.19
2014.07.15 18:33:07.727,1.95531,1.95575,1.00,1.19
2014.07.15 18:33:07.828,1.95531,1.95566,1.00,1.19
2014.07.15 18:33:07.878,1.95523,1.95566,1.15,1.19
2014.07.15 18:33:08.080,1.95522,1.95566,1.00,1.69
2014.07.15 18:33:08.231,1.95522,1.95561,1.00,1.19
2014.07.15 18:33:09.253,1.95522,1.95561,1.75,1.19
2014.07.15 18:33:09.354,1.95529,1.95571,1.18,1.19
2014.07.15 18:33:09.405,1.95532,1.95571,2.33,1.19
2014.07.15 18:33:09.715,1.95541,1.95571,1.00,1.19
2014.07.15 18:33:10.334,1.95541,1.95578,1.00,1.19
2014.07.15 18:33:13.330,1.95541,1.95577,1.00,1.19
2014.07.15 18:33:13.381,1.95532,1.95577,1.58,1.19
2014.07.15 18:33:13.646,1.95532,1.95568,2.25,1.19
2014.07.15 18:33:13.773,1.95524,1.95568,1.00,1.19
2014.07.15 18:33:13.874,1.95521,1.95567,1.27,1.19
2014.07.15 18:33:14.046,1.95521,1.9556,1.08,1.19
2014.07.15 18:33:15.496,1.95516,1.95557,1.58,1.19
2014.07.15 18:33:16.577,1.95521,1.95562,1.08,1.19
2014.07.15 18:33:17.560,1.95521,1.95564,1.08,1.19
2014.07.15 18:33:19.171,1.95522,1.95565,1.10,1.19
2014.07.15 18:33:20.402,1.95522,1.95566,1.10,1.19
2014.07.15 18:33:24.087,1.95521,1.95564,1.33,1.19
2014.07.15 18:33:25.134,1.95519,1.95557,1.18,1.19
2014.07.15 18:33:25.230,1.95519,1.95557,1.10,1.19
2014.07.15 18:33:25.714,1.95512,1.95557,1.19,1.19
2014.07.15 18:33:25.815,1.95512,1.95549,1.00,1.19
2014.07.15 18:33:27.914,1.95509,1.9555,1.00,1.19
2014.07.15 18:33:28.143,1.95511,1.9555,1.00,1.19
2014.07.15 18:33:29.349,1.95511,1.95551,1.00,1.19
2014.07.15 18:33:29.959,1.95512,1.95551,1.00,1.19
2014.07.15 18:33:31.063,1.95511,1.9555,1.00,1.19
2014.07.15 18:33:31.990,1.95511,1.9555,1.00,1.19
2014.07.15 18:33:33.650,1.95511,1.95552,1.00,1.19
2014.07.15 18:33:35.056,1.95511,1.95553,1.00,1.19
2014.07.15 18:33:39.784,1.95509,1.9555,1.00,1.19
2014.07.15 18:33:41.337,1.95512,1.9555,1.00,1.19
2014.07.15 18:33:41.874,1.95512,1.95552,1.00,1.19
2014.07.15 18:33:42.393,1.95509,1.95552,1.00,1.19
2014.07.15 18:33:42.502,1.95506,1.95552,1.25,1.19
2014.07.15 18:33:42.942,1.95508,1.95552,1.00,1.19
2014.07.15 18:33:43.436,1.95508,1.9555,1.00,1.19
2014.07.15 18:33:43.824,1.95512,1.9555,1.00,1.19
2014.07.15 18:33:44.607,1.95512,1.95551,1.00,1.19
2014.07.15 18:33:45.111,1.95511,1.95543,1.00,1.25
2014.07.15 18:33:45.162,1.95502,1.95543,1.00,1.25
2014.07.15 18:33:45.715,1.95502,1.95536,1.00,1.19
2014.07.15 18:33:46.819,1.95502,1.95534,1.00,1.19
2014.07.15 18:33:54.851,1.95502,1.95535,1.00,1.19
2014.07.15 18:33:58.255,1.95502,1.95535,1.00,1.19
2014.07.15 18:34:00.414,1.95502,1.95537,1.00,1.19
2014.07.15 18:34:01.671,1.95502,1.95539,1.00,1.19
2014.07.15 18:34:03.877,1.95502,1.95538,1.00,1.19
2014.07.15 18:34:07.399,1.95501,1.95538,1.00,1.19
2014.07.15 18:34:08.009,1.95501,1.95541,1.00,1.19
2014.07.15 18:34:08.421,1.95503,1.95541,1.00,1.19
2014.07.15 18:34:08.623,1.95511,1.95552,1.50,1.19
2014.07.15 18:34:08.846,1.95511,1.95555,1.50,1.19
2014.07.15 18:34:08.903,1.95521,1.95555,1.00,1.19
2014.07.15 18:34:09.138,1.95512,1.95555,1.00,1.19
2014.07.15 18:34:09.726,1.95512,1.95549,1.00,1.00
2014.07.15 18:34:09.930,1.95501,1.95544,1.00,1.00
2014.07.15 18:34:10.082,1.95501,1.95544,1.00,1.34
2014.07.15 18:34:10.384,1.95501,1.95539,1.00,1.19
2014.07.15 18:34:10.688,1.95512,1.95539,1.00,1.19
2014.07.15 18:34:11.210,1.95511,1.95539,1.00,1.19
2014.07.15 18:34:11.329,1.95505,1.95539,1.00,1.19
2014.07.15 18:34:11.380,1.95502,1.95539,1.00,1.19
2014.07.15 18:34:11.431,1.95502,1.95549,1.00,1.19
2014.07.15 18:34:11.929,1.95509,1.95549,1.00,1.19
2014.07.15 18:34:12.030,1.95509,1.95551,1.00,1.19
2014.07.15 18:34:12.131,1.95521,1.95551,1.00,1.19
2014.07.15 18:34:13.229,1.95521,1.95553,1.00,1.19
2014.07.15 18:34:14.235,1.95521,1.95554,1.00,1.19
2014.07.15 18:34:14.842,1.95522,1.95554,1.00,1.19
2014.07.15 18:34:15.240,1.95522,1.95557,1.00,1.19
2014.07.15 18:34:16.865,1.95521,1.95557,1.00,1.19
2014.07.15 18:34:17.850,1.95521,1.95558,1.00,1.19
2014.07.15 18:34:19.356,1.95521,1.95556,1.00,1.19
2014.07.15 18:34:21.772,1.95522,1.95556,1.00,1.19
2014.07.15 18:34:22.357,1.95521,1.95556,1.00,1.19
2014.07.15 18:34:22.895,1.95522,1.95556,1.00,1.19
2014.07.15 18:34:23.675,1.95522,1.95558,1.00,1.19
2014.07.15 18:34:24.198,1.95521,1.95558,1.00,1.19
2014.07.15 18:34:25.292,1.95522,1.95558,1.00,1.19
2014.07.15 18:34:27.309,1.95512,1.95549,1.33,1.00
2014.07.15 18:34:27.410,1.95508,1.95549,1.19,1.00
2014.07.15 18:34:27.662,1.95495,1.95546,2.59,1.00
2014.07.15 18:34:27.763,1.95507,1.95549,1.19,1.00
2014.07.15 18:34:28.592,1.95507,1.95554,1.19,1.19
2014.07.15 18:34:28.744,1.95513,1.95554,1.00,1.19
2014.07.15 18:34:29.912,1.95513,1.95555,1.00,1.19
2014.07.15 18:34:30.715,1.95511,1.95555,1.00,1.69
2014.07.15 18:34:30.917,1.95498,1.95549,1.27,1.00
2014.07.15 18:34:31.169,1.95501,1.95552,1.19,1.25
2014.07.15 18:34:31.320,1.95501,1.95552,1.19,2.03
2014.07.15 18:34:31.622,1.95486,1.95536,1.29,1.00
2014.07.15 18:34:31.723,1.95487,1.95536,1.19,1.19
2014.07.15 18:34:31.925,1.95495,1.95536,1.00,1.19
2014.07.15 18:34:32.917,1.95495,1.95539,1.00,1.19
2014.07.15 18:34:37.932,1.95495,1.95541,1.25,1.19
2014.07.15 18:34:38.955,1.95495,1.95541,1.00,1.19
2014.07.15 18:34:41.465,1.95495,1.9554,1.19,1.19
2014.07.15 18:34:42.482,1.95495,1.95541,1.00,1.19
2014.07.15 18:34:44.124,1.95494,1.95541,1.25,1.19
2014.07.15 18:34:44.668,1.95494,1.95539,1.19,1.19
2014.07.15 18:34:45.376,1.95495,1.9554,1.19,1.19
2014.07.15 18:34:48.775,1.95495,1.95542,1.19,1.19
2014.07.15 18:34:49.917,1.95495,1.9554,1.00,1.19
2014.07.15 18:34:50.194,1.95492,1.95539,1.29,1.19
2014.07.15 18:34:50.632,1.95492,1.95531,1.00,1.19
2014.07.15 18:34:50.935,1.95498,1.95531,1.00,1.19
2014.07.15 18:34:50.985,1.95496,1.95531,1.00,1.19
2014.07.15 18:34:51.086,1.955,1.95531,1.00,1.19
2014.07.15 18:34:51.413,1.95502,1.95531,1.00,1.19
2014.07.15 18:34:51.518,1.95502,1.95541,1.00,1.19
2014.07.15 18:34:51.840,1.95502,1.95545,1.00,1.19
2014.07.15 18:34:52.799,1.95502,1.95546,1.00,1.19
2014.07.15 18:34:54.112,1.95502,1.95546,1.50,1.19
2014.07.15 18:34:58.920,1.95502,1.95547,1.50,1.19
2014.07.15 18:35:00.989,1.95501,1.95547,1.00,1.19
2014.07.15 18:35:01.370,1.95501,1.95544,1.00,1.19
2014.07.15 18:35:02.005,1.95502,1.95544,1.00,1.19
2014.07.15 18:35:02.644,1.95502,1.95542,1.00,1.19
2014.07.15 18:35:03.149,1.95501,1.95542,1.00,1.19
2014.07.15 18:35:03.797,1.95502,1.95542,1.00,1.19
2014.07.15 18:35:04.415,1.95502,1.95544,1.00,1.19
2014.07.15 18:35:07.110,1.95501,1.95543,1.10,1.19
2014.07.15 18:35:07.635,1.95501,1.95542,1.10,1.19
2014.07.15 18:35:08.203,1.95501,1.95544,1.10,1.19
2014.07.15 18:35:12.388,1.95502,1.95543,1.00,1.19
2014.07.15 18:35:12.800,1.95501,1.95535,1.00,1.19
2014.07.15 18:35:12.851,1.95491,1.95535,1.18,1.19
2014.07.15 18:35:13.999,1.95491,1.95533,1.18,1.19
2014.07.15 18:35:14.390,1.95492,1.95533,1.00,1.19
2014.07.15 18:35:14.932,1.95491,1.95528,1.00,1.19
2014.07.15 18:35:18.103,1.95482,1.95529,1.34,1.69
2014.07.15 18:35:18.254,1.95491,1.95529,1.00,1.69
2014.07.15 18:35:18.428,1.95481,1.95529,1.34,1.69
2014.07.15 18:35:23.158,1.95485,1.95528,1.30,1.19
2014.07.15 18:35:23.259,1.9549,1.95538,1.98,1.69
2014.07.15 18:35:23.411,1.95501,1.95538,1.00,1.69
2014.07.15 18:35:23.613,1.95491,1.95538,1.08,1.19
2014.07.15 18:35:24.656,1.95491,1.95536,1.27,1.19
2014.07.15 18:35:25.648,1.95491,1.95536,1.27,1.19
2014.07.15 18:35:26.330,1.95491,1.95522,1.27,1.00
2014.07.15 18:35:31.642,1.95501,1.95522,1.00,1.00
2014.07.15 18:35:32.067,1.95492,1.95522,1.08,1.00
2014.07.15 18:35:32.291,1.95501,1.95522,1.00,1.00
2014.07.15 18:35:32.443,1.95501,1.95532,1.00,1.00
2014.07.15 18:35:32.747,1.95501,1.9554,1.00,1.69
2014.07.15 18:35:33.384,1.95501,1.95539,1.00,1.19
2014.07.15 18:35:37.598,1.95502,1.95539,1.00,1.19
2014.07.15 18:35:38.523,1.95502,1.95539,1.00,1.25
2014.07.15 18:35:41.503,1.95502,1.95544,1.00,1.69
2014.07.15 18:35:45.596,1.95501,1.9554,1.00,1.00
2014.07.15 18:35:46.144,1.95502,1.9554,1.00,1.00
2014.07.15 18:35:46.245,1.95501,1.95539,1.00,1.19
2014.07.15 18:35:49.390,1.95501,1.95541,1.00,1.19
2014.07.15 18:35:49.505,1.95501,1.95533,1.00,1.00
2014.07.15 18:35:50.045,1.95502,1.95533,1.00,1.00
2014.07.15 18:35:53.410,1.95502,1.95544,1.00,1.69
2014.07.15 18:35:54.479,1.95502,1.95542,1.00,1.19
2014.07.15 18:35:55.625,1.95502,1.95544,1.00,1.19
2014.07.15 18:35:55.676,1.95504,1.95544,1.10,1.19
2014.07.15 18:35:55.978,1.95508,1.95543,1.15,1.00
2014.07.15 18:35:56.130,1.95511,1.95551,1.08,1.19
2014.07.15 18:35:57.000,1.95511,1.95554,1.08,1.19
2014.07.15 18:36:00.240,1.95511,1.95555,1.08,1.00
2014.07.15 18:36:00.341,1.95521,1.95561,1.00,1.19
2014.07.15 18:36:01.106,1.95514,1.95561,1.18,1.19
2014.07.15 18:36:01.589,1.95521,1.95561,1.00,1.19
2014.07.15 18:36:02.031,1.95521,1.95559,1.00,1.19
2014.07.15 18:36:04.407,1.95511,1.95557,1.34,1.19
2014.07.15 18:36:04.458,1.95511,1.95552,1.08,1.19
2014.07.15 18:36:05.208,1.95522,1.95552,1.00,1.19
2014.07.15 18:36:05.637,1.95513,1.95552,1.00,1.19
2014.07.15 18:36:06.139,1.95513,1.95557,1.00,1.69
2014.07.15 18:36:07.144,1.95513,1.95556,1.00,1.19
2014.07.15 18:36:07.194,1.95513,1.95556,1.75,1.19
2014.07.15 18:36:08.452,1.95513,1.95557,2.25,1.69
2014.07.15 18:36:09.576,1.95522,1.95557,1.00,1.69
2014.07.15 18:36:11.564,1.95522,1.95555,1.00,1.19
2014.07.15 18:36:12.872,1.95522,1.95557,1.00,1.19
2014.07.15 18:36:18.690,1.95522,1.95557,1.00,1.69
2014.07.15 18:36:18.865,1.95513,1.95557,1.98,1.69
2014.07.15 18:36:19.895,1.95513,1.95557,1.98,1.19
2014.07.15 18:36:20.356,1.95522,1.95557,1.00,1.19
2014.07.15 18:36:24.852,1.95522,1.95557,1.00,1.25
2014.07.15 18:36:26.827,1.95522,1.95557,1.00,1.19
2014.07.15 18:36:26.983,1.95514,1.95557,1.77,1.19
2014.07.15 18:36:27.499,1.95514,1.95557,1.34,1.19
2014.07.15 18:36:28.007,1.95514,1.95557,1.34,1.19
2014.07.15 18:36:28.427,1.95522,1.95557,1.00,1.19
2014.07.15 18:36:34.896,1.95514,1.95557,1.40,1.19
2014.07.15 18:36:36.417,1.95522,1.95556,1.00,1.25
2014.07.15 18:36:37.397,1.95522,1.95556,1.00,1.19
2014.07.15 18:36:38.458,1.95522,1.95556,1.00,1.25
2014.07.15 18:36:40.415,1.95514,1.95556,1.40,1.25
2014.07.15 18:36:41.471,1.95514,1.95556,1.34,1.19
2014.07.15 18:36:46.391,1.95513,1.9556,1.34,1.19
2014.07.15 18:36:47.480,1.95513,1.9556,1.34,1.19
2014.07.15 18:36:48.198,1.95513,1.95556,1.15,1.19
2014.07.15 18:36:50.606,1.95513,1.95558,1.15,1.19
2014.07.15 18:36:57.659,1.95521,1.95559,1.00,1.19
2014.07.15 18:36:58.856,1.95522,1.95563,1.00,1.69
2014.07.15 18:37:01.650,1.95522,1.95563,1.00,1.19
2014.07.15 18:37:05.367,1.95521,1.95563,1.00,1.19
2014.07.15 18:37:05.908,1.95521,1.95563,1.25,1.19
2014.07.15 18:37:07.465,1.95531,1.95563,1.00,1.19
2014.07.15 18:37:11.588,1.95531,1.95563,1.00,1.19
2014.07.15 18:37:13.514,1.95531,1.95563,1.00,1.19
2014.07.15 18:37:14.550,1.95531,1.95563,1.00,1.19
2014.07.15 18:37:17.257,1.95522,1.95563,1.02,1.19
2014.07.15 18:37:17.917,1.95521,1.95563,1.33,1.25
2014.07.15 18:37:19.120,1.95521,1.95563,1.27,1.25
2014.07.15 18:37:20.027,1.95521,1.95565,1.27,1.00
2014.07.15 18:37:20.227,1.95532,1.95565,1.00,1.00
2014.07.15 18:37:20.535,1.95532,1.95563,1.00,1.00
2014.07.15 18:37:20.675,1.95532,1.95566,1.00,1.25
2014.07.15 18:37:21.275,1.95532,1.95569,1.08,1.19
2014.07.15 18:37:21.326,1.95542,1.95569,1.00,1.19
2014.07.15 18:37:21.580,1.95531,1.95565,1.00,1.00
2014.07.15 18:37:21.782,1.95531,1.95564,1.19,1.00
2014.07.15 18:37:21.840,1.95531,1.95567,1.19,1.00
2014.07.15 18:37:22.645,1.95531,1.95567,1.00,1.00
2014.07.15 18:37:25.992,1.95522,1.95565,1.34,1.00
2014.07.15 18:37:26.300,1.95521,1.95561,1.27,1.00
2014.07.15 18:37:26.907,1.95522,1.95561,1.69,1.00
2014.07.15 18:37:41.612,1.95522,1.95561,1.19,1.00
2014.07.15 18:37:42.928,1.95522,1.95561,1.19,1.00
2014.07.15 18:37:46.543,1.95522,1.95561,1.19,1.00
2014.07.15 18:37:48.556,1.95521,1.95561,1.19,1.00
2014.07.15 18:37:49.798,1.95521,1.95561,1.19,1.00
2014.07.15 18:37:56.619,1.95522,1.95561,1.19,1.00
2014.07.15 18:37:57.612,1.95522,1.95561,1.19,1.00
2014.07.15 18:37:59.541,1.95522,1.95561,1.19,1.00
2014.07.15 18:38:01.397,1.95522,1.95561,1.19,1.00
2014.07.15 18:38:04.822,1.95522,1.95561,1.19,1.00
2014.07.15 18:38:06.565,1.95522,1.95564,1.19,1.25
2014.07.15 18:38:07.080,1.95522,1.95564,1.19,1.00
2014.07.15 18:38:10.186,1.95522,1.95565,1.19,1.25
2014.07.15 18:38:17.454,1.95522,1.95565,1.19,1.19
2014.07.15 18:38:19.059,1.95522,1.95566,1.19,1.19
2014.07.15 18:38:20.064,1.95521,1.95566,1.19,1.25
2014.07.15 18:38:21.053,1.95532,1.95566,1.00,1.25
2014.07.15 18:38:22.752,1.95532,1.95562,1.00,1.00
2014.07.15 18:38:22.853,1.95516,1.95562,1.19,1.00
2014.07.15 18:38:22.955,1.95516,1.95559,1.19,1.00
2014.07.15 18:38:23.524,1.95516,1.9556,1.19,1.00
2014.07.15 18:38:23.703,1.95512,1.9556,1.27,1.00
2014.07.15 18:38:26.185,1.95513,1.9556,1.29,1.00
2014.07.15 18:38:28.292,1.95513,1.9556,1.29,1.00
2014.07.15 18:38:28.595,1.95506,1.95543,1.29,1.00
2014.07.15 18:38:29.599,1.95503,1.95543,1.34,1.00
2014.07.15 18:38:34.843,1.95504,1.95543,1.37,1.00
2014.07.15 18:38:35.919,1.95504,1.95543,1.19,1.00
2014.07.15 18:38:36.924,1.95502,1.95543,1.69,1.00
2014.07.15 18:38:43.244,1.95503,1.95543,1.19,1.00
2014.07.15 18:38:44.391,1.95502,1.95543,1.19,1.00
2014.07.15 18:38:45.682,1.95502,1.95543,1.84,1.00
2014.07.15 18:38:46.860,1.95504,1.95543,1.27,1.00
2014.07.15 18:38:54.281,1.95502,1.95543,1.34,1.00
2014.07.15 18:38:55.326,1.95508,1.95543,1.19,1.00
2014.07.15 18:38:55.628,1.95522,1.95547,1.25,1.00
2014.07.15 18:38:55.679,1.95522,1.95566,1.33,1.00
2014.07.15 18:38:55.830,1.95531,1.95566,1.00,1.00
2014.07.15 18:38:56.143,1.95521,1.95566,1.77,1.00
2014.07.15 18:38:57.096,1.95522,1.95566,1.34,1.00
2014.07.15 18:38:59.654,1.95531,1.95566,1.19,1.00
2014.07.15 18:39:01.245,1.95523,1.95565,1.19,1.00
2014.07.15 18:39:01.516,1.95517,1.95561,1.19,1.00
2014.07.15 18:39:02.323,1.95512,1.95561,1.84,1.00
2014.07.15 18:39:05.028,1.95512,1.95561,1.37,1.00
2014.07.15 18:39:07.143,1.95522,1.95561,1.00,1.00
2014.07.15 18:39:08.022,1.95521,1.95561,1.00,1.00
2014.07.15 18:39:08.552,1.95521,1.95561,1.19,1.00
2014.07.15 18:39:09.070,1.95521,1.9556,1.00,1.25
2014.07.15 18:39:09.171,1.95511,1.95561,1.84,1.69
2014.07.15 18:39:10.145,1.95511,1.9556,2.59,1.00
2014.07.15 18:39:11.950,1.95512,1.9556,1.37,1.00
2014.07.15 18:39:14.359,1.95513,1.9556,1.27,1.00
2014.07.15 18:39:16.867,1.95513,1.9556,1.27,1.00
2014.07.15 18:39:18.373,1.95513,1.9556,1.27,1.00
2014.07.15 18:39:22.594,1.95512,1.9556,1.34,1.00
2014.07.15 18:39:26.910,1.95512,1.9556,1.84,1.00
2014.07.15 18:39:30.030,1.95511,1.9556,2.59,1.00
2014.07.15 18:39:31.627,1.95512,1.9556,1.84,1.00
2014.07.15 18:39:33.136,1.95514,1.9556,1.27,1.00
2014.07.15 18:39:35.237,1.95513,1.9556,1.37,1.00
2014.07.15 18:39:37.845,1.95514,1.9556,1.27,1.00
2014.07.15 18:39:39.276,1.95512,1.9556,1.84,1.00
2014.07.15 18:39:40.240,1.95513,1.95563,1.37,1.00
2014.07.15 18:39:40.756,1.95513,1.95562,1.37,1.00
2014.07.15 18:39:41.289,1.95513,1.95563,1.37,1.00
2014.07.15 18:39:42.179,1.95516,1.95563,1.34,1.00
2014.07.15 18:39:43.210,1.95518,1.95563,1.27,1.00
2014.07.15 18:39:45.432,1.95518,1.95564,1.27,1.00
2014.07.15 18:39:46.117,1.95522,1.95568,1.19,1.69
2014.07.15 18:39:46.475,1.95522,1.95568,1.19,1.50
2014.07.15 18:39:46.817,1.9552,1.95565,1.19,1.00
2014.07.15 18:39:47.223,1.95522,1.95567,1.19,1.00
2014.07.15 18:39:47.907,1.95522,1.95567,1.19,1.00
2014.07.15 18:39:49.285,1.95522,1.95567,1.19,1.00
2014.07.15 18:39:52.979,1.95522,1.95564,1.19,1.00
2014.07.15 18:39:53.708,1.95522,1.95564,1.19,1.00
2014.07.15 18:39:54.802,1.95522,1.95564,1.19,1.00
2014.07.15 18:39:55.372,1.95521,1.95568,1.19,1.69
2014.07.15 18:39:55.880,1.95519,1.95567,1.29,1.00
2014.07.15 18:39:56.925,1.95517,1.95567,1.37,1.00
2014.07.15 18:39:57.916,1.95516,1.95567,1.34,1.25
2014.07.15 18:39:58.919,1.95517,1.95567,1.37,1.19
2014.07.15 18:40:01.065,1.95532,1.95567,1.00,1.19
2014.07.15 18:40:01.391,1.95522,1.95567,1.34,1.19
2014.07.15 18:40:01.442,1.95522,1.95567,1.34,1.00
2014.07.15 18:40:02.053,1.95522,1.95567,1.34,1.00
2014.07.15 18:40:04.351,1.95522,1.95567,2.59,1.00
2014.07.15 18:40:05.353,1.95522,1.95567,1.34,1.00
2014.07.15 18:40:06.953,1.95521,1.95567,1.34,1.00
2014.07.15 18:40:08.057,1.95521,1.95567,1.34,1.00
2014.07.15 18:40:12.171,1.95521,1.95567,1.34,1.00
2014.07.15 18:40:13.677,1.95521,1.95567,1.34,1.00
2014.07.15 18:40:15.081,1.95521,1.95567,1.34,1.00
2014.07.15 18:40:21.709,1.95521,1.95567,1.84,1.00
2014.07.15 18:40:22.432,1.95521,1.95569,1.84,1.00
2014.07.15 18:40:24.016,1.95521,1.95569,1.84,1.00
2014.07.15 18:40:25.221,1.95521,1.95569,1.34,1.00
2014.07.15 18:40:26.826,1.95521,1.95569,1.34,1.25
2014.07.15 18:40:32.163,1.95521,1.95569,1.34,1.00
2014.07.15 18:40:32.714,1.95522,1.95571,1.34,1.19
2014.07.15 18:40:33.145,1.95522,1.95571,1.84,1.00
2014.07.15 18:40:36.385,1.95522,1.95572,2.59,1.69
2014.07.15 18:40:42.374,1.95522,1.95572,2.59,1.69
2014.07.15 18:40:43.378,1.95524,1.95572,1.34,1.50
2014.07.15 18:40:43.801,1.9553,1.95574,1.19,1.25
2014.07.15 18:40:43.851,1.95542,1.95574,1.00,1.25
2014.07.15 18:40:43.902,1.95542,1.9558,1.00,1.00
2014.07.15 18:40:44.403,1.95542,1.9558,1.08,1.00
2014.07.15 18:40:47.436,1.95542,1.9558,1.27,1.00
2014.07.15 18:40:53.661,1.95542,1.9558,1.27,1.00
2014.07.15 18:40:54.720,1.95544,1.9558,1.19,1.00
2014.07.15 18:40:56.274,1.95544,1.9558,1.19,1.00
2014.07.15 18:40:56.850,1.95551,1.9558,1.19,1.00
2014.07.15 18:40:57.102,1.95552,1.95586,1.19,1.00
2014.07.15 18:40:57.946,1.95552,1.95586,1.19,1.00
2014.07.15 18:40:58.219,1.95551,1.9559,1.19,1.00
2014.07.15 18:40:58.894,1.95551,1.9559,1.27,1.00
2014.07.15 18:40:59.411,1.9555,1.95591,1.34,1.00
2014.07.15 18:40:59.988,1.9555,1.95591,1.34,1.00
2014.07.15 18:41:00.552,1.95551,1.9559,1.19,1.00
2014.07.15 18:41:01.783,1.95552,1.9559,1.00,1.00
2014.07.15 18:41:02.292,1.95551,1.9559,1.00,1.00
2014.07.15 18:41:02.343,1.95543,1.95588,1.02,1.00
2014.07.15 18:41:03.388,1.95543,1.95588,1.02,1.00
2014.07.15 18:41:07.083,1.95551,1.95589,1.00,1.19
2014.07.15 18:41:07.743,1.95552,1.95589,1.00,1.19
2014.07.15 18:41:08.097,1.95552,1.95589,1.00,1.25
2014.07.15 18:41:09.286,1.95552,1.95589,1.00,1.19
2014.07.15 18:41:12.097,1.95552,1.95589,1.00,1.19
2014.07.15 18:41:13.026,1.95551,1.95589,1.00,1.19
2014.07.15 18:41:13.104,1.95551,1.95589,1.00,1.25
2014.07.15 18:41:16.117,1.95551,1.95591,1.25,1.00
2014.07.15 18:41:17.326,1.95551,1.95591,1.00,1.19
2014.07.15 18:41:21.853,1.95551,1.9558,1.00,1.00
2014.07.15 18:41:22.358,1.95552,1.95581,1.00,1.00
2014.07.15 18:41:28.492,1.95552,1.95582,1.25,1.50
2014.07.15 18:41:29.422,1.95552,1.95582,1.19,1.50
2014.07.15 18:41:30.856,1.95562,1.95582,1.00,1.50
2014.07.15 18:41:31.448,1.95562,1.95583,1.00,1.00
2014.07.15 18:41:32.352,1.95552,1.95583,1.25,1.00
2014.07.15 18:41:32.902,1.95551,1.95583,1.19,1.00
2014.07.15 18:41:34.210,1.95551,1.95591,1.19,1.00
2014.07.15 18:41:34.869,1.95555,1.95591,1.00,1.00
2014.07.15 18:41:35.197,1.95562,1.95597,1.00,1.00
2014.07.15 18:41:35.321,1.95555,1.95597,1.19,1.00
2014.07.15 18:41:36.007,1.95555,1.95597,1.19,1.00
2014.07.15 18:41:36.320,1.95561,1.95597,1.00,1.00
2014.07.15 18:41:36.572,1.95558,1.95597,1.27,1.00
2014.07.15 18:41:36.889,1.95562,1.95597,1.00,1.00
2014.07.15 18:41:37.398,1.95561,1.95597,1.00,1.00
2014.07.15 18:41:37.738,1.95561,1.95597,1.19,1.00
2014.07.15 18:41:38.615,1.95561,1.95597,1.19,1.00
2014.07.15 18:41:42.125,1.95561,1.95597,1.19,1.00
2014.07.15 18:41:46.750,1.95561,1.95597,1.19,1.00
2014.07.15 18:41:48.449,1.95557,1.95597,1.37,1.00
2014.07.15 18:41:53.583,1.95551,1.95597,1.29,1.19
2014.07.15 18:41:55.905,1.95552,1.95597,1.19,1.19
2014.07.15 18:41:56.327,1.95552,1.95591,1.19,1.00
2014.07.15 18:41:56.901,1.95553,1.95591,1.00,1.00
2014.07.15 18:41:57.986,1.95553,1.95591,1.19,1.00
2014.07.15 18:41:59.630,1.95558,1.95591,1.00,1.00
2014.07.15 18:41:59.711,1.95554,1.95591,1.19,1.00
2014.07.15 18:42:01.634,1.95555,1.95591,1.19,1.00
2014.07.15 18:42:02.841,1.95561,1.95591,1.00,1.00
2014.07.15 18:42:03.294,1.95554,1.95591,1.19,1.00
2014.07.15 18:42:03.845,1.95552,1.95592,1.69,1.00
2014.07.15 18:42:04.307,1.95552,1.95592,1.69,1.00
2014.07.15 18:42:04.972,1.95551,1.95591,1.29,1.00
2014.07.15 18:42:05.836,1.95545,1.95591,1.27,1.00
2014.07.15 18:42:06.038,1.95546,1.95573,1.29,1.00
2014.07.15 18:42:06.139,1.95543,1.95572,1.19,1.00
2014.07.15 18:42:06.442,1.95546,1.95573,1.00,1.00
2014.07.15 18:42:07.346,1.95546,1.95573,1.19,1.00
2014.07.15 18:42:08.425,1.95546,1.95573,1.19,1.00
2014.07.15 18:42:09.430,1.95546,1.95573,1.19,1.00
2014.07.15 18:42:12.497,1.95546,1.95573,1.25,1.00
2014.07.15 18:42:13.791,1.95546,1.95573,1.19,1.00
2014.07.15 18:42:14.306,1.95546,1.95572,1.19,1.00
2014.07.15 18:42:14.821,1.95549,1.95572,1.00,1.00
2014.07.15 18:42:15.130,1.95551,1.95572,1.25,1.00
2014.07.15 18:42:16.163,1.95549,1.95572,1.19,1.00
2014.07.15 18:42:18.402,1.95552,1.9558,1.19,1.00
2014.07.15 18:42:18.503,1.95552,1.95589,1.19,1.00
2014.07.15 18:42:18.554,1.95556,1.95589,1.00,1.00
2014.07.15 18:42:22.104,1.95558,1.95592,1.29,1.00
2014.07.15 18:42:23.312,1.95558,1.95592,1.29,1.00
2014.07.15 18:42:27.333,1.95558,1.95592,1.29,1.00
2014.07.15 18:42:28.903,1.95558,1.95592,1.29,1.00
2014.07.15 18:42:30.110,1.95558,1.95592,1.29,1.00
2014.07.15 18:42:31.716,1.95558,1.95592,1.29,1.00
2014.07.15 18:42:34.122,1.95555,1.95592,1.37,1.00
2014.07.15 18:42:37.743,1.95553,1.95592,1.34,1.00
2014.07.15 18:42:42.647,1.95557,1.95592,1.19,1.00
2014.07.15 18:42:45.674,1.95551,1.95592,1.84,1.00
2014.07.15 18:42:47.881,1.95552,1.95592,1.37,1.00
2014.07.15 18:42:50.923,1.95552,1.95591,1.37,1.00
2014.07.15 18:42:51.640,1.95557,1.95591,1.00,1.00
2014.07.15 18:42:52.200,1.95556,1.95591,1.00,1.00
2014.07.15 18:42:52.886,1.95556,1.95591,1.19,1.00
2014.07.15 18:42:57.093,1.95554,1.95591,1.29,1.00
2014.07.15 18:42:58.092,1.95554,1.95591,1.29,1.00
2014.07.15 18:42:59.528,1.95554,1.95607,1.19,1.19
2014.07.15 18:43:01.706,1.95554,1.95607,1.19,1.19
2014.07.15 18:43:02.571,1.95562,1.95607,1.00,1.19
2014.07.15 18:43:04.715,1.95562,1.95607,1.00,1.19
2014.07.15 18:43:09.025,1.95562,1.95607,1.00,1.19
2014.07.15 18:43:11.810,1.95554,1.95607,1.19,1.19
2014.07.15 18:43:12.740,1.95554,1.95607,1.19,1.19
2014.07.15 18:43:14.867,1.95554,1.95607,1.19,1.19
2014.07.15 18:43:15.019,1.95557,1.95597,1.34,1.00
2014.07.15 18:43:15.899,1.95557,1.95597,1.34,1.00
2014.07.15 18:43:16.899,1.95561,1.95598,1.19,1.00
2014.07.15 18:43:17.458,1.95561,1.95598,1.19,1.00
2014.07.15 18:43:18.062,1.95561,1.95598,1.19,1.00
2014.07.15 18:43:22.175,1.95561,1.95598,1.19,1.00
2014.07.15 18:43:23.305,1.95561,1.95598,1.19,1.00
2014.07.15 18:43:25.908,1.95561,1.95598,1.19,1.00
2014.07.15 18:43:29.124,1.95562,1.95598,1.19,1.00
2014.07.15 18:43:33.310,1.95561,1.95598,1.19,1.00
2014.07.15 18:43:37.858,1.95562,1.95598,1.19,1.00
2014.07.15 18:43:41.436,1.95562,1.95598,1.19,1.00
2014.07.15 18:43:47.606,1.95561,1.95597,1.19,1.00
2014.07.15 18:43:48.158,1.95561,1.95597,1.19,1.00
2014.07.15 18:43:54.074,1.95561,1.95597,1.19,1.00
2014.07.15 18:43:55.210,1.95561,1.95597,1.19,1.00
2014.07.15 18:43:55.417,1.95562,1.95602,1.19,1.00
2014.07.15 18:43:56.381,1.95557,1.95602,1.34,1.00
2014.07.15 18:43:58.317,1.95557,1.95602,1.34,1.00
2014.07.15 18:44:05.912,1.95559,1.95602,1.37,1.00
2014.07.15 18:44:10.123,1.95559,1.95602,1.37,1.00
2014.07.15 18:44:12.964,1.95559,1.95602,1.37,1.00
2014.07.15 18:44:13.166,1.95565,1.95602,1.29,1.00
2014.07.15 18:44:13.216,1.95565,1.95605,1.29,1.00
2014.07.15 18:44:13.318,1.95561,1.95599,1.34,1.00
2014.07.15 18:44:13.369,1.95561,1.95599,1.34,1.00
2014.07.15 18:44:13.873,1.95559,1.95598,1.02,1.00
2014.07.15 18:44:19.863,1.95558,1.95598,1.34,1.00
2014.07.15 18:44:22.269,1.95558,1.95598,1.34,1.00
2014.07.15 18:44:23.595,1.95558,1.95598,1.34,1.00
2014.07.15 18:44:24.578,1.95558,1.95598,1.34,1.00
2014.07.15 18:44:26.032,1.95562,1.95598,1.25,1.00
2014.07.15 18:44:28.209,1.95562,1.95598,1.19,1.00
2014.07.15 18:44:30.599,1.95562,1.95598,1.19,1.00
2014.07.15 18:44:35.514,1.95562,1.95598,1.19,1.00
2014.07.15 18:44:48.803,1.95562,1.95598,1.27,1.00
2014.07.15 18:44:51.514,1.95562,1.95598,1.27,1.00
2014.07.15 18:44:53.481,1.95562,1.95598,1.27,1.00
2014.07.15 18:44:55.612,1.95562,1.95604,1.27,1.00
2014.07.15 18:44:56.133,1.95562,1.95604,1.27,1.00
2014.07.15 18:44:58.200,1.95562,1.95604,1.19,1.00
2014.07.15 18:45:00.604,1.95562,1.95604,1.19,1.19
2014.07.15 18:45:00.707,1.95562,1.95601,1.19,1.00
2014.07.15 18:45:00.808,1.95562,1.95604,1.19,1.19
2014.07.15 18:45:01.620,1.95562,1.95604,1.19,1.00
2014.07.15 18:45:02.167,1.95562,1.95603,1.19,1.00
2014.07.15 18:45:02.269,1.95562,1.9561,1.69,1.19
2014.07.15 18:45:02.320,1.95562,1.9561,1.69,1.00
2014.07.15 18:45:03.369,1.95562,1.9561,1.19,1.00
2014.07.15 18:45:09.542,1.95562,1.9561,1.19,1.00
2014.07.15 18:45:14.266,1.95562,1.9561,1.25,1.00
2014.07.15 18:45:15.370,1.95562,1.9561,1.19,1.00
2014.07.15 18:45:15.716,1.95572,1.95609,1.00,1.00
2014.07.15 18:45:15.930,1.95572,1.95617,1.00,1.00
2014.07.15 18:45:16.631,1.95565,1.95617,1.27,1.00
2014.07.15 18:45:17.072,1.95565,1.95617,1.27,1.00
2014.07.15 18:45:23.101,1.95571,1.95617,1.19,1.00
2014.07.15 18:45:26.313,1.95571,1.95617,1.19,1.00
2014.07.15 18:45:26.646,1.95581,1.95617,1.00,1.00
2014.07.15 18:45:36.156,1.95581,1.95601,1.00,1.00
2014.07.15 18:45:36.358,1.95582,1.95612,1.00,1.00
2014.07.15 18:45:36.610,1.95571,1.95613,1.25,1.00
2014.07.15 18:45:36.773,1.95571,1.95608,1.25,1.00
2014.07.15 18:45:42.290,1.95571,1.95613,1.25,1.00
2014.07.15 18:45:43.580,1.95571,1.95613,1.19,1.00
2014.07.15 18:45:45.416,1.95571,1.95613,1.19,1.00
2014.07.15 18:45:49.402,1.95571,1.95613,1.19,1.00
2014.07.15 18:45:51.554,1.95572,1.95613,1.19,1.00
2014.07.15 18:45:52.731,1.95572,1.95614,1.19,1.00
2014.07.15 18:45:53.825,1.95572,1.95614,1.19,1.00
2014.07.15 18:45:54.297,1.95571,1.95605,1.19,1.00
2014.07.15 18:45:54.828,1.95571,1.95605,1.19,1.00
2014.07.15 18:45:55.931,1.95571,1.95605,1.25,1.00
2014.07.15 18:45:57.140,1.95571,1.95606,1.25,1.00
2014.07.15 18:46:00.187,1.95571,1.95606,1.19,1.00
2014.07.15 18:46:02.900,1.95571,1.95606,1.25,1.00
2014.07.15 18:46:04.163,1.95571,1.95606,1.19,1.00
2014.07.15 18:46:08.405,1.95571,1.95606,1.19,1.00
2014.07.15 18:46:11.526,1.95571,1.95606,1.19,1.00
2014.07.15 18:46:13.596,1.95571,1.95606,1.19,1.00
2014.07.15 18:46:16.528,1.95571,1.95606,1.19,1.00
2014.07.15 18:46:18.511,1.95571,1.95606,1.19,1.00
2014.07.15 18:46:19.617,1.95572,1.95606,1.25,1.00
2014.07.15 18:46:32.078,1.95572,1.95606,1.19,1.00
2014.07.15 18:46:33.490,1.95572,1.95606,1.25,1.00
2014.07.15 18:46:35.761,1.95572,1.95613,1.25,1.00
2014.07.15 18:46:36.377,1.95572,1.95613,1.19,1.00
2014.07.15 18:46:39.601,1.95572,1.95613,1.25,1.00
2014.07.15 18:46:44.305,1.95572,1.95617,1.25,1.25
2014.07.15 18:46:48.412,1.95572,1.95617,1.19,1.19
2014.07.15 18:46:50.648,1.95571,1.95617,1.25,1.19
2014.07.15 18:46:51.629,1.95571,1.95617,1.19,1.00
2014.07.15 18:46:52.131,1.95571,1.95619,1.19,1.19
2014.07.15 18:46:56.941,1.95571,1.95619,1.19,1.19
2014.07.15 18:46:58.145,1.95571,1.95619,1.19,1.19
2014.07.15 18:47:01.597,1.95582,1.95619,1.00,1.19
2014.07.15 18:47:01.817,1.95571,1.95619,1.19,1.19
2014.07.15 18:47:02.470,1.95571,1.95619,1.19,1.25
2014.07.15 18:47:02.807,1.95582,1.95619,1.00,1.25
2014.07.15 18:47:03.161,1.95582,1.95619,1.00,1.19
2014.07.15 18:47:04.363,1.95572,1.95619,1.19,1.19
2014.07.15 18:47:04.414,1.95572,1.95619,1.25,1.19
2014.07.15 18:47:05.874,1.95572,1.95617,1.00,1.19
2014.07.15 18:47:06.986,1.95572,1.95617,1.25,1.19
2014.07.15 18:47:08.083,1.95572,1.95615,1.19,1.19
2014.07.15 18:47:10.091,1.95572,1.95615,1.25,1.19
2014.07.15 18:47:13.106,1.95571,1.95616,1.25,1.19
2014.07.15 18:47:16.589,1.95582,1.95613,1.00,1.25
2014.07.15 18:47:20.852,1.95571,1.95613,1.19,1.25
2014.07.15 18:47:21.841,1.95571,1.95613,1.25,1.19
2014.07.15 18:47:24.347,1.95571,1.95613,1.19,1.25
2014.07.15 18:47:29.797,1.95571,1.95613,1.19,1.00
2014.07.15 18:47:31.611,1.95571,1.95613,1.19,1.00
2014.07.15 18:47:34.089,1.95571,1.95613,1.19,1.00
2014.07.15 18:47:35.586,1.95582,1.95613,1.00,1.00
2014.07.15 18:47:35.807,1.95572,1.95613,1.19,1.00
2014.07.15 18:47:40.305,1.95572,1.95613,1.25,1.00
2014.07.15 18:47:43.713,1.95572,1.95613,1.19,1.25
2014.07.15 18:47:46.117,1.95572,1.95613,1.25,1.19
2014.07.15 18:47:47.344,1.95572,1.95613,1.00,1.25
2014.07.15 18:47:51.586,1.95572,1.95613,1.19,1.25
2014.07.15 18:47:52.956,1.95571,1.95613,1.19,1.19
2014.07.15 18:47:54.675,1.95572,1.95613,1.00,1.25
2014.07.15 18:47:55.988,1.95572,1.95618,1.00,1.19
2014.07.15 18:47:58.209,1.95572,1.95618,1.25,1.19
2014.07.15 18:48:01.820,1.95571,1.95618,1.25,1.19
2014.07.15 18:48:02.359,1.95572,1.95618,1.00,1.19
2014.07.15 18:48:03.492,1.95572,1.95618,1.25,1.19
2014.07.15 18:48:06.110,1.95572,1.95621,1.19,1.19
2014.07.15 18:48:06.947,1.95572,1.95612,1.00,1.19
2014.07.15 18:48:07.251,1.95571,1.95606,1.00,1.00
2014.07.15 18:48:07.566,1.95571,1.95599,1.00,1.00
2014.07.15 18:48:07.617,1.95561,1.95599,1.19,1.00
2014.07.15 18:48:07.718,1.95561,1.95605,1.19,1.00
2014.07.15 18:48:07.819,1.95561,1.95605,1.00,1.19
2014.07.15 18:48:07.920,1.95561,1.95596,1.00,1.00
2014.07.15 18:48:08.338,1.95552,1.95596,1.19,1.00
2014.07.15 18:48:09.324,1.95551,1.95596,1.19,1.00
2014.07.15 18:48:09.637,1.95561,1.95596,1.00,1.00
2014.07.15 18:48:12.676,1.95561,1.95601,1.00,1.00
2014.07.15 18:48:13.322,1.95561,1.95602,1.25,1.00
2014.07.15 18:48:14.940,1.95561,1.95602,1.19,1.00
2014.07.15 18:48:18.142,1.95562,1.95607,1.19,1.19
2014.07.15 18:48:18.243,1.95565,1.95607,1.00,1.19
2014.07.15 18:48:19.864,1.95565,1.95609,1.19,1.00
2014.07.15 18:48:22.175,1.95565,1.95609,1.25,1.00
2014.07.15 18:48:24.533,1.95565,1.95609,1.19,1.25
2014.07.15 18:48:25.935,1.95565,1.95609,1.19,1.00
