2016.05.13 07:00:00.424,2.1187,2.11929,1.00,1.50
2016.05.13 07:00:00.747,2.11868,2.11925,1.00,1.00
2016.05.13 07:00:00.848,2.11878,2.11938,1.00,1.00
2016.05.13 07:00:01.000,2.11884,2.11942,1.00,1.00
2016.05.13 07:00:01.319,2.11868,2.11922,1.75,1.00
2016.05.13 07:00:01.668,2.11851,2.11907,1.75,1.00
2016.05.13 07:00:02.012,2.11839,2.11896,1.37,1.00
2016.05.13 07:00:02.422,2.1184,2.11896,1.12,1.00
2016.05.13 07:00:02.505,2.11838,2.11896,1.37,1.00
2016.05.13 07:00:02.606,2.11843,2.119,1.00,1.00
2016.05.13 07:00:02.657,2.11848,2.11904,1.00,1.00
2016.05.13 07:00:03.010,2.11851,2.1191,1.00,1.00
2016.05.13 07:00:03.787,2.11857,2.11914,1.00,1.00
2016.05.13 07:00:04.126,2.11852,2.11909,1.00,1.00
2016.05.13 07:00:05.225,2.11846,2.11905,1.37,1.00
2016.05.13 07:00:05.630,2.11847,2.11892,1.12,1.00
2016.05.13 07:00:05.976,2.11828,2.11884,1.12,1.00
2016.05.13 07:00:06.713,2.11827,2.11884,1.12,1.00
2016.05.13 07:00:07.022,2.11831,2.1189,1.00,1.12
2016.05.13 07:00:07.072,2.11837,2.11892,1.00,1.75
2016.05.13 07:00:07.224,2.11837,2.11896,1.37,1.00
2016.05.13 07:00:07.375,2.11837,2.11896,1.50,1.37
2016.05.13 07:00:07.476,2.11837,2.11895,1.50,1.00
2016.05.13 07:00:07.692,2.11837,2.11896,1.75,1.00
2016.05.13 07:00:08.279,2.1184,2.11896,1.00,1.37
2016.05.13 07:00:08.381,2.11833,2.11891,1.37,1.37
2016.05.13 07:00:08.699,2.11829,2.11886,1.50,1.37
2016.05.13 07:00:08.801,2.11829,2.11886,1.12,1.50
2016.05.13 07:00:08.902,2.11829,2.11886,1.37,1.37
2016.05.13 07:00:09.004,2.11829,2.11886,1.12,1.12
2016.05.13 07:00:09.184,2.11829,2.11886,1.37,1.00
2016.05.13 07:00:09.708,2.11829,2.11886,1.75,1.50
2016.05.13 07:00:10.011,2.1183,2.1188,1.12,1.00
2016.05.13 07:00:10.555,2.1183,2.11885,1.12,1.00
2016.05.13 07:00:10.612,2.11831,2.11885,1.12,1.00
2016.05.13 07:00:10.714,2.11831,2.11889,1.87,1.00
2016.05.13 07:00:10.765,2.11831,2.11889,1.87,1.00
2016.05.13 07:00:10.917,2.11831,2.11889,1.87,1.00
2016.05.13 07:00:10.968,2.11831,2.11882,1.12,1.00
2016.05.13 07:00:11.019,2.11831,2.11882,1.12,1.00
2016.05.13 07:00:11.070,2.11829,2.11882,1.12,1.00
2016.05.13 07:00:11.432,2.11831,2.1189,1.87,1.50
2016.05.13 07:00:11.534,2.11831,2.11891,1.87,1.00
2016.05.13 07:00:11.635,2.11837,2.11894,1.50,1.00
2016.05.13 07:00:11.786,2.11854,2.11899,1.00,1.75
2016.05.13 07:00:11.988,2.11858,2.11904,1.37,1.12
2016.05.13 07:00:12.039,2.11858,2.11904,1.00,1.12
2016.05.13 07:00:12.090,2.11858,2.11909,1.00,1.37
2016.05.13 07:00:12.205,2.11858,2.11908,1.37,1.00
2016.05.13 07:00:12.256,2.11858,2.11914,1.37,1.37
2016.05.13 07:00:12.308,2.11858,2.11914,1.75,1.37
2016.05.13 07:00:12.410,2.11858,2.11914,1.50,1.12
2016.05.13 07:00:12.511,2.11861,2.11918,1.12,1.87
2016.05.13 07:00:12.713,2.11858,2.11912,1.50,1.00
2016.05.13 07:00:12.815,2.11858,2.11912,1.00,1.00
2016.05.13 07:00:12.916,2.11858,2.11908,1.00,1.00
2016.05.13 07:00:13.264,2.11858,2.11885,1.00,1.00
2016.05.13 07:00:13.618,2.11858,2.11889,1.00,1.00
2016.05.13 07:00:13.669,2.11858,2.11894,1.00,2.62
2016.05.13 07:00:13.770,2.11858,2.11894,1.00,1.12
2016.05.13 07:00:14.449,2.11836,2.11894,1.12,1.00
2016.05.13 07:00:15.017,2.1185,2.11898,1.00,1.00
2016.05.13 07:00:15.068,2.1185,2.11902,1.37,1.00
2016.05.13 07:00:15.120,2.1185,2.11908,1.50,1.37
2016.05.13 07:00:15.221,2.11852,2.1191,1.00,1.00
2016.05.13 07:00:15.423,2.1185,2.1191,1.37,1.37
2016.05.13 07:00:15.828,2.1185,2.1191,1.00,1.75
2016.05.13 07:00:16.171,2.1185,2.1191,1.00,1.75
2016.05.13 07:00:16.575,2.11846,2.11905,1.37,1.75
2016.05.13 07:00:16.676,2.11846,2.11905,1.75,1.75
2016.05.13 07:00:16.727,2.11846,2.11905,1.75,1.37
2016.05.13 07:00:17.065,2.11846,2.11905,1.87,1.00
2016.05.13 07:00:17.375,2.11851,2.11905,1.12,1.00
2016.05.13 07:00:17.835,2.11849,2.11905,1.12,1.37
2016.05.13 07:00:18.145,2.11848,2.11896,4.87,1.50
2016.05.13 07:00:18.819,2.11848,2.11896,4.87,1.75
2016.05.13 07:00:19.076,2.11848,2.11896,4.87,1.00
2016.05.13 07:00:19.228,2.1185,2.11896,1.00,1.00
2016.05.13 07:00:19.279,2.1185,2.11896,1.00,1.37
2016.05.13 07:00:19.583,2.1185,2.11891,1.00,1.12
2016.05.13 07:00:19.785,2.1185,2.11896,1.00,1.37
2016.05.13 07:00:19.836,2.1185,2.11896,1.00,1.00
2016.05.13 07:00:21.466,2.1185,2.1189,1.00,1.37
2016.05.13 07:00:21.769,2.1185,2.11883,1.00,1.37
2016.05.13 07:00:21.944,2.11846,2.11883,1.00,1.50
2016.05.13 07:00:22.096,2.11846,2.11883,1.00,1.75
2016.05.13 07:00:22.731,2.11846,2.11879,1.00,1.37
2016.05.13 07:00:23.038,2.11813,2.11869,1.12,1.00
2016.05.13 07:00:23.089,2.11812,2.11869,1.75,1.37
2016.05.13 07:00:23.190,2.11812,2.11869,1.75,1.37
2016.05.13 07:00:23.241,2.11812,2.11869,1.75,1.00
2016.05.13 07:00:23.972,2.1183,2.11879,1.00,1.37
2016.05.13 07:00:24.073,2.1183,2.11888,1.37,2.25
2016.05.13 07:00:24.174,2.1183,2.11888,1.37,1.00
2016.05.13 07:00:24.276,2.1183,2.11888,1.75,1.12
2016.05.13 07:00:24.327,2.1183,2.11888,1.50,1.12
2016.05.13 07:00:24.377,2.1183,2.11888,1.50,1.37
2016.05.13 07:00:24.723,2.11836,2.11894,1.75,1.12
2016.05.13 07:00:24.976,2.11836,2.11894,1.50,1.37
2016.05.13 07:00:25.128,2.11836,2.11894,1.75,1.00
2016.05.13 07:00:25.229,2.11836,2.11894,1.75,1.12
2016.05.13 07:00:25.330,2.11836,2.11894,1.75,1.00
2016.05.13 07:00:25.644,2.1184,2.11894,1.12,1.00
2016.05.13 07:00:25.695,2.11846,2.11904,1.00,1.75
2016.05.13 07:00:25.847,2.1185,2.11909,1.00,1.75
2016.05.13 07:00:25.948,2.1185,2.11909,1.00,1.75
2016.05.13 07:00:26.049,2.11846,2.11904,1.37,1.50
2016.05.13 07:00:26.100,2.11846,2.11904,1.12,1.50
2016.05.13 07:00:26.711,2.11846,2.11904,1.00,1.75
2016.05.13 07:00:27.015,2.11846,2.11904,1.37,1.12
2016.05.13 07:00:27.116,2.11846,2.11904,1.75,1.37
2016.05.13 07:00:27.217,2.11846,2.11904,1.12,1.75
2016.05.13 07:00:27.558,2.11832,2.11887,2.25,1.37
2016.05.13 07:00:27.861,2.11834,2.11892,1.75,1.75
2016.05.13 07:00:27.912,2.11834,2.11891,1.75,1.00
2016.05.13 07:00:28.013,2.11832,2.11888,2.25,1.00
2016.05.13 07:00:28.525,2.11828,2.11888,1.75,1.50
2016.05.13 07:00:28.828,2.11822,2.11878,1.12,1.37
2016.05.13 07:00:28.929,2.1182,2.11878,1.75,1.12
2016.05.13 07:00:29.245,2.1182,2.11878,1.75,2.25
2016.05.13 07:00:29.595,2.11815,2.11874,1.75,1.37
2016.05.13 07:00:29.898,2.11814,2.11874,1.87,1.75
2016.05.13 07:00:29.949,2.11819,2.11874,1.12,1.00
2016.05.13 07:00:30.364,2.11815,2.11874,1.12,1.37
2016.05.13 07:00:30.971,2.11817,2.11875,1.37,1.75
2016.05.13 07:00:31.089,2.11823,2.11879,1.00,1.12
2016.05.13 07:00:31.190,2.11823,2.11882,1.00,1.75
2016.05.13 07:00:31.241,2.11828,2.11886,1.00,1.75
2016.05.13 07:00:31.393,2.11823,2.11882,1.00,1.50
2016.05.13 07:00:31.746,2.11822,2.11881,1.12,1.37
2016.05.13 07:00:32.062,2.11814,2.11871,1.37,1.75
2016.05.13 07:00:32.164,2.11814,2.11871,1.37,1.75
2016.05.13 07:00:32.265,2.11814,2.11871,1.37,1.75
2016.05.13 07:00:32.366,2.11814,2.11871,1.37,1.75
2016.05.13 07:00:32.470,2.11814,2.11871,1.75,1.75
2016.05.13 07:00:32.572,2.11814,2.11871,1.75,1.37
2016.05.13 07:00:33.130,2.11814,2.11871,1.87,1.50
2016.05.13 07:00:33.773,2.11812,2.11866,1.12,1.00
2016.05.13 07:00:34.089,2.11816,2.11856,2.25,1.00
2016.05.13 07:00:34.545,2.11816,2.11851,2.25,1.37
2016.05.13 07:00:34.647,2.11816,2.11851,2.25,1.75
2016.05.13 07:00:34.799,2.11816,2.11849,2.25,1.00
2016.05.13 07:00:34.900,2.11816,2.1186,2.25,1.00
2016.05.13 07:00:35.285,2.11816,2.11867,2.25,1.87
2016.05.13 07:00:35.336,2.11816,2.11867,2.25,1.50
2016.05.13 07:00:35.437,2.11816,2.11867,2.25,1.00
2016.05.13 07:00:35.748,2.11816,2.11867,2.25,1.37
2016.05.13 07:00:36.054,2.11816,2.11867,2.25,1.75
2016.05.13 07:00:36.592,2.11816,2.11867,2.25,1.75
2016.05.13 07:00:36.996,2.11812,2.11867,2.25,1.37
2016.05.13 07:00:37.288,2.11812,2.11867,2.25,1.75
2016.05.13 07:00:37.490,2.11812,2.11867,2.25,1.75
2016.05.13 07:00:37.766,2.11812,2.11867,2.25,1.75
2016.05.13 07:00:38.069,2.11812,2.11867,2.25,1.75
2016.05.13 07:00:38.271,2.11812,2.11867,2.25,1.75
2016.05.13 07:00:38.574,2.11812,2.11867,2.25,1.75
2016.05.13 07:00:38.978,2.11812,2.11861,2.25,1.75
2016.05.13 07:00:39.281,2.11812,2.11857,2.25,1.12
2016.05.13 07:00:39.382,2.11803,2.11853,1.00,1.75
2016.05.13 07:00:39.434,2.118,2.11853,1.00,1.75
2016.05.13 07:00:39.665,2.118,2.11846,1.00,1.00
2016.05.13 07:00:39.968,2.118,2.11837,1.00,1.00
2016.05.13 07:00:40.019,2.118,2.11839,1.00,1.00
2016.05.13 07:00:40.070,2.118,2.11842,1.00,1.12
2016.05.13 07:00:40.172,2.118,2.11858,1.00,1.37
2016.05.13 07:00:40.374,2.118,2.11858,1.00,1.75
2016.05.13 07:00:40.476,2.118,2.11858,1.00,1.75
2016.05.13 07:00:40.575,2.118,2.11858,1.00,1.75
2016.05.13 07:00:40.779,2.11803,2.11862,1.00,1.75
2016.05.13 07:00:41.183,2.118,2.11855,1.00,1.37
2016.05.13 07:00:41.587,2.118,2.11852,1.00,1.50
2016.05.13 07:00:41.700,2.118,2.11852,1.00,1.37
2016.05.13 07:00:41.903,2.118,2.11852,1.00,1.37
2016.05.13 07:00:42.206,2.118,2.11852,1.00,1.75
2016.05.13 07:00:42.307,2.118,2.11852,1.00,1.75
2016.05.13 07:00:42.408,2.11794,2.11852,1.12,1.75
2016.05.13 07:00:42.578,2.118,2.11859,1.87,1.00
2016.05.13 07:00:42.730,2.11801,2.11859,1.00,1.37
2016.05.13 07:00:43.034,2.11795,2.1185,1.12,1.00
2016.05.13 07:00:43.617,2.11794,2.1185,1.12,1.50
2016.05.13 07:00:43.920,2.11786,2.11845,1.75,1.50
2016.05.13 07:00:44.122,2.11803,2.11857,1.00,1.75
2016.05.13 07:00:44.173,2.11809,2.11861,1.00,1.12
2016.05.13 07:00:44.224,2.11809,2.11867,1.00,1.75
2016.05.13 07:00:44.275,2.11809,2.11867,1.00,1.75
2016.05.13 07:00:44.628,2.11809,2.11867,1.37,1.50
2016.05.13 07:00:44.679,2.11809,2.11867,1.75,1.12
2016.05.13 07:00:44.730,2.11814,2.11872,1.12,1.12
2016.05.13 07:00:44.831,2.11814,2.11872,1.00,1.50
2016.05.13 07:00:44.882,2.11809,2.11868,1.00,1.37
2016.05.13 07:00:44.933,2.11809,2.11868,1.00,1.37
2016.05.13 07:00:45.135,2.11809,2.11868,1.00,1.75
2016.05.13 07:00:45.407,2.11813,2.11868,1.00,1.75
2016.05.13 07:00:45.458,2.11813,2.11868,1.00,1.75
2016.05.13 07:00:45.509,2.11813,2.11868,1.00,1.75
2016.05.13 07:00:45.812,2.11813,2.11868,1.00,1.75
2016.05.13 07:00:45.865,2.11813,2.11868,1.00,1.75
2016.05.13 07:00:45.916,2.11813,2.11868,1.00,1.75
2016.05.13 07:00:46.017,2.11813,2.11868,1.00,1.75
2016.05.13 07:00:46.430,2.11813,2.11868,1.00,1.75
2016.05.13 07:00:46.957,2.11814,2.11868,1.00,1.75
2016.05.13 07:00:47.460,2.11814,2.11866,1.00,1.00
2016.05.13 07:00:47.763,2.11814,2.11868,1.00,1.75
2016.05.13 07:00:48.074,2.11814,2.11868,1.00,1.75
2016.05.13 07:00:48.226,2.11814,2.11868,1.00,1.75
2016.05.13 07:00:48.277,2.11814,2.11868,1.00,1.50
2016.05.13 07:00:48.606,2.11814,2.11873,1.37,1.12
2016.05.13 07:00:48.656,2.11815,2.11873,1.00,1.37
2016.05.13 07:00:48.959,2.11814,2.11868,1.00,1.75
2016.05.13 07:00:49.429,2.11814,2.11868,1.00,1.75
2016.05.13 07:00:49.748,2.11808,2.11862,1.12,1.00
2016.05.13 07:00:50.203,2.11813,2.11868,1.12,1.12
2016.05.13 07:00:50.732,2.11816,2.11868,1.75,1.00
2016.05.13 07:00:51.186,2.11816,2.11871,1.75,1.00
2016.05.13 07:00:51.489,2.11817,2.11871,1.12,1.00
2016.05.13 07:00:51.842,2.11817,2.11871,1.37,1.00
2016.05.13 07:00:52.044,2.11819,2.11877,1.37,1.37
2016.05.13 07:00:52.095,2.11824,2.11881,1.50,1.12
2016.05.13 07:00:52.146,2.11824,2.11881,1.12,1.37
2016.05.13 07:00:52.297,2.11817,2.11875,1.50,1.50
2016.05.13 07:00:52.348,2.11817,2.11875,1.50,1.50
2016.05.13 07:00:52.667,2.11813,2.1187,1.75,1.75
2016.05.13 07:00:52.768,2.11813,2.1187,1.75,1.75
2016.05.13 07:00:53.172,2.11809,2.11865,1.12,1.37
2016.05.13 07:00:53.699,2.11808,2.11865,1.87,1.37
2016.05.13 07:00:54.052,2.11808,2.11865,1.75,1.37
2016.05.13 07:00:54.879,2.11808,2.11865,1.75,1.75
2016.05.13 07:00:55.180,2.11807,2.11859,1.12,1.00
2016.05.13 07:00:55.483,2.11805,2.11864,1.75,1.75
2016.05.13 07:00:55.685,2.11807,2.11864,1.12,1.75
2016.05.13 07:00:55.761,2.11812,2.1187,1.87,1.75
2016.05.13 07:00:55.862,2.11814,2.1187,1.12,1.37
2016.05.13 07:00:55.913,2.11814,2.1187,1.12,1.00
2016.05.13 07:00:56.065,2.11814,2.1187,1.12,1.37
2016.05.13 07:00:56.419,2.11812,2.1187,1.75,1.00
2016.05.13 07:00:56.470,2.11812,2.1187,1.75,1.37
2016.05.13 07:00:56.799,2.11804,2.1186,1.12,1.00
2016.05.13 07:00:57.913,2.11818,2.11872,1.12,1.50
2016.05.13 07:00:57.964,2.11827,2.11873,1.75,1.50
2016.05.13 07:00:58.015,2.11828,2.11884,1.12,1.37
2016.05.13 07:00:58.065,2.11828,2.11877,1.12,1.00
2016.05.13 07:00:58.697,2.11821,2.11877,1.12,1.37
2016.05.13 07:00:58.798,2.11823,2.11877,1.12,1.75
2016.05.13 07:00:59.112,2.11817,2.11866,1.75,1.00
2016.05.13 07:00:59.213,2.11803,2.1186,1.00,1.50
2016.05.13 07:00:59.314,2.11801,2.1186,1.00,1.75
2016.05.13 07:00:59.416,2.11801,2.11855,1.12,1.00
2016.05.13 07:00:59.517,2.11801,2.1186,1.50,1.37
2016.05.13 07:01:00.035,2.11801,2.1186,1.37,1.50
2016.05.13 07:01:00.288,2.11801,2.1186,1.12,1.50
2016.05.13 07:01:00.390,2.11801,2.1186,1.00,1.75
2016.05.13 07:01:00.693,2.11796,2.11856,1.37,1.75
2016.05.13 07:01:00.794,2.11796,2.11852,1.75,1.00
2016.05.13 07:01:00.895,2.11796,2.11856,1.75,1.75
2016.05.13 07:01:01.226,2.11805,2.11862,1.00,1.75
2016.05.13 07:01:01.278,2.11799,2.11859,1.00,1.75
2016.05.13 07:01:01.430,2.11799,2.11859,1.00,1.75
2016.05.13 07:01:01.531,2.11799,2.11859,1.00,1.75
2016.05.13 07:01:01.734,2.11799,2.11859,1.00,2.25
2016.05.13 07:01:01.835,2.11794,2.11853,1.50,1.75
2016.05.13 07:01:02.163,2.11794,2.11853,1.37,1.75
2016.05.13 07:01:02.467,2.11794,2.11848,1.37,1.75
2016.05.13 07:01:02.827,2.11786,2.11841,1.37,1.37
2016.05.13 07:01:03.150,2.1178,2.11838,1.37,1.87
2016.05.13 07:01:03.454,2.11778,2.11832,1.12,1.50
2016.05.13 07:01:03.505,2.11778,2.11832,1.12,1.50
2016.05.13 07:01:03.861,2.11777,2.11832,1.12,1.00
2016.05.13 07:01:04.230,2.11779,2.11829,1.12,1.00
2016.05.13 07:01:04.483,2.11779,2.11833,1.12,1.37
2016.05.13 07:01:04.685,2.11782,2.11838,1.12,2.25
2016.05.13 07:01:04.840,2.1178,2.11838,1.87,1.75
2016.05.13 07:01:05.362,2.1178,2.11838,1.75,2.25
2016.05.13 07:01:05.573,2.11783,2.11838,1.12,1.50
2016.05.13 07:01:05.675,2.11784,2.11844,1.50,1.75
2016.05.13 07:01:05.877,2.11789,2.11844,1.00,1.37
2016.05.13 07:01:05.928,2.11789,2.11838,1.00,1.00
2016.05.13 07:01:06.048,2.11784,2.11838,1.87,1.00
2016.05.13 07:01:06.149,2.11789,2.11848,1.37,1.12
2016.05.13 07:01:06.351,2.11789,2.11849,1.37,1.50
2016.05.13 07:01:06.654,2.11794,2.11849,1.37,1.50
2016.05.13 07:01:07.178,2.11794,2.11849,1.12,1.50
2016.05.13 07:01:07.279,2.11795,2.11849,1.00,1.50
2016.05.13 07:01:07.481,2.11793,2.11848,1.12,1.37
2016.05.13 07:01:07.785,2.11785,2.11843,1.75,1.37
2016.05.13 07:01:08.295,2.11785,2.11843,1.87,1.00
2016.05.13 07:01:08.499,2.11789,2.11848,1.75,2.25
2016.05.13 07:01:08.701,2.11794,2.11853,1.37,1.00
2016.05.13 07:01:08.752,2.11795,2.11853,1.37,1.00
2016.05.13 07:01:08.954,2.11794,2.11853,1.50,1.00
2016.05.13 07:01:09.073,2.11792,2.11847,1.12,1.00
2016.05.13 07:01:09.376,2.11786,2.11843,1.12,1.00
2016.05.13 07:01:09.528,2.11789,2.11843,1.12,1.00
2016.05.13 07:01:10.416,2.11787,2.11836,1.12,1.00
2016.05.13 07:01:11.989,2.11778,2.11832,1.12,1.00
2016.05.13 07:01:12.444,2.1178,2.11832,1.12,1.00
2016.05.13 07:01:12.963,2.1178,2.11832,1.12,1.00
2016.05.13 07:01:13.015,2.1178,2.11836,1.12,1.37
2016.05.13 07:01:13.369,2.11779,2.11836,1.87,1.37
2016.05.13 07:01:13.470,2.11779,2.11836,2.25,1.12
2016.05.13 07:01:13.672,2.11779,2.11832,1.50,1.00
2016.05.13 07:01:13.983,2.11776,2.11832,1.12,1.50
2016.05.13 07:01:14.085,2.11777,2.11832,1.12,1.12
2016.05.13 07:01:14.793,2.11774,2.11832,1.87,1.75
2016.05.13 07:01:14.965,2.11783,2.11832,1.00,1.12
2016.05.13 07:01:15.271,2.11783,2.11837,1.00,1.50
2016.05.13 07:01:15.574,2.11783,2.11837,1.00,1.75
2016.05.13 07:01:16.256,2.11783,2.11837,1.37,1.75
2016.05.13 07:01:16.761,2.11783,2.11837,1.37,1.50
2016.05.13 07:01:17.120,2.11792,2.1184,1.12,1.75
2016.05.13 07:01:17.172,2.11794,2.1184,1.12,1.37
2016.05.13 07:01:17.324,2.11792,2.1185,1.75,1.00
2016.05.13 07:01:17.475,2.11798,2.1185,1.12,1.00
2016.05.13 07:01:17.526,2.118,2.11858,1.37,2.62
2016.05.13 07:01:17.577,2.11806,2.11862,1.75,1.12
2016.05.13 07:01:17.629,2.11806,2.11864,1.75,1.75
2016.05.13 07:01:17.730,2.11806,2.11864,1.75,1.00
2016.05.13 07:01:17.781,2.11806,2.11864,1.75,1.12
2016.05.13 07:01:17.983,2.11806,2.11864,1.75,1.37
2016.05.13 07:01:18.507,2.11806,2.11864,1.75,1.00
2016.05.13 07:01:18.819,2.11806,2.11864,1.75,1.00
2016.05.13 07:01:19.122,2.11806,2.11864,1.75,1.00
2016.05.13 07:01:19.425,2.11814,2.11864,1.12,1.00
2016.05.13 07:01:19.772,2.11807,2.11865,1.75,1.50
2016.05.13 07:01:20.303,2.11807,2.11865,1.87,1.50
2016.05.13 07:01:20.674,2.11807,2.11852,1.12,1.00
2016.05.13 07:01:20.978,2.118,2.11846,2.25,1.00
2016.05.13 07:01:21.028,2.11794,2.11846,1.37,1.00
2016.05.13 07:01:21.425,2.11794,2.11846,1.12,1.00
2016.05.13 07:01:21.728,2.11791,2.11841,1.75,1.00
2016.05.13 07:01:21.779,2.11796,2.11846,1.00,1.00
2016.05.13 07:01:21.830,2.11796,2.11847,1.37,1.75
2016.05.13 07:01:22.032,2.11802,2.1186,1.75,1.00
2016.05.13 07:01:22.492,2.11802,2.1186,1.75,1.00
2016.05.13 07:01:22.543,2.11813,2.11869,1.00,1.00
2016.05.13 07:01:22.594,2.11813,2.1187,1.75,1.50
2016.05.13 07:01:22.897,2.11813,2.1187,1.75,1.50
2016.05.13 07:01:24.320,2.11813,2.1187,1.87,1.37
2016.05.13 07:01:24.654,2.11811,2.11866,2.25,1.75
2016.05.13 07:01:25.007,2.11811,2.11866,2.25,1.75
2016.05.13 07:01:25.512,2.11811,2.11866,2.25,1.50
2016.05.13 07:01:25.900,2.11812,2.11867,1.75,1.00
2016.05.13 07:01:26.508,2.11822,2.11868,1.75,1.87
2016.05.13 07:01:27.017,2.11812,2.11867,2.25,1.37
2016.05.13 07:01:27.952,2.11804,2.1186,1.12,1.12
2016.05.13 07:01:28.558,2.118,2.11853,1.12,1.00
2016.05.13 07:01:28.896,2.11795,2.11853,1.75,1.75
2016.05.13 07:01:29.441,2.11795,2.11853,1.75,1.75
2016.05.13 07:01:30.217,2.11797,2.11853,1.12,1.37
2016.05.13 07:01:30.319,2.11798,2.11853,1.12,1.00
2016.05.13 07:01:30.927,2.11796,2.11853,1.75,1.00
2016.05.13 07:01:31.623,2.11795,2.11853,1.87,1.37
2016.05.13 07:01:31.826,2.11796,2.11853,1.37,1.50
2016.05.13 07:01:32.028,2.11804,2.11858,1.37,1.87
2016.05.13 07:01:32.129,2.11804,2.11863,1.75,2.25
2016.05.13 07:01:32.231,2.11808,2.11867,1.75,1.00
2016.05.13 07:01:32.396,2.11814,2.11873,1.00,1.87
2016.05.13 07:01:32.699,2.11819,2.11874,1.87,1.37
2016.05.13 07:01:33.002,2.11819,2.11873,1.75,1.37
2016.05.13 07:01:33.243,2.11817,2.11873,1.12,1.50
2016.05.13 07:01:33.346,2.11816,2.11873,1.12,1.50
2016.05.13 07:01:33.802,2.1182,2.11871,1.12,1.00
2016.05.13 07:01:33.853,2.11822,2.11874,1.12,1.37
2016.05.13 07:01:34.055,2.11814,2.11868,1.12,1.37
2016.05.13 07:01:34.216,2.11805,2.11862,1.87,1.00
2016.05.13 07:01:34.822,2.1181,2.11869,1.75,1.75
2016.05.13 07:01:34.873,2.1181,2.11869,1.75,1.75
2016.05.13 07:01:34.974,2.1181,2.11869,1.37,1.75
2016.05.13 07:01:36.681,2.11813,2.11865,1.37,1.00
2016.05.13 07:01:36.984,2.11813,2.11865,1.00,1.00
2016.05.13 07:01:37.035,2.11813,2.1187,1.12,1.50
2016.05.13 07:01:37.340,2.11806,2.11856,2.25,1.37
2016.05.13 07:01:37.649,2.11806,2.11854,2.25,1.75
2016.05.13 07:01:37.700,2.11806,2.11854,2.25,1.75
2016.05.13 07:01:37.802,2.11815,2.11863,1.75,1.75
2016.05.13 07:01:37.853,2.11815,2.11865,1.00,1.50
2016.05.13 07:01:37.904,2.11811,2.11865,1.12,1.50
2016.05.13 07:01:37.956,2.1181,2.11866,1.75,1.00
2016.05.13 07:01:38.057,2.1181,2.11866,1.75,1.37
2016.05.13 07:01:38.360,2.1181,2.11868,1.87,1.75
2016.05.13 07:01:38.461,2.11811,2.11866,1.37,1.00
2016.05.13 07:01:38.613,2.11814,2.11874,1.00,1.75
2016.05.13 07:01:38.878,2.11817,2.11871,1.00,1.37
2016.05.13 07:01:38.979,2.11813,2.11871,1.00,1.75
2016.05.13 07:01:39.511,2.1181,2.11867,1.12,1.75
2016.05.13 07:01:40.169,2.11808,2.11867,1.87,1.75
2016.05.13 07:01:40.831,2.11808,2.11867,1.50,1.75
2016.05.13 07:01:40.882,2.11808,2.11867,1.37,1.75
2016.05.13 07:01:41.386,2.11808,2.11867,1.37,1.75
2016.05.13 07:01:41.689,2.11801,2.11859,1.87,1.50
2016.05.13 07:01:41.999,2.11781,2.11839,1.12,1.50
2016.05.13 07:01:42.100,2.11783,2.11839,1.12,1.12
2016.05.13 07:01:42.769,2.11787,2.11844,1.12,1.37
2016.05.13 07:01:42.870,2.11785,2.11844,1.12,1.12
2016.05.13 07:01:42.971,2.11795,2.11852,1.00,1.12
2016.05.13 07:01:43.022,2.11795,2.11852,1.37,1.37
2016.05.13 07:01:43.144,2.11789,2.11847,1.75,1.00
2016.05.13 07:01:43.195,2.11789,2.11847,1.75,1.00
2016.05.13 07:01:43.297,2.11789,2.11847,1.37,1.00
2016.05.13 07:01:43.398,2.11789,2.11847,1.12,1.12
2016.05.13 07:01:43.449,2.11785,2.11842,1.87,1.00
2016.05.13 07:01:43.703,2.11785,2.11842,1.87,1.37
2016.05.13 07:01:43.878,2.11785,2.11842,1.87,1.12
2016.05.13 07:01:44.097,2.11792,2.1185,1.37,1.12
2016.05.13 07:01:44.552,2.11788,2.11845,1.75,1.00
2016.05.13 07:01:44.980,2.11788,2.11845,1.75,1.00
2016.05.13 07:01:45.487,2.11788,2.11845,1.75,1.37
2016.05.13 07:01:45.711,2.11788,2.11845,1.75,1.00
2016.05.13 07:01:46.054,2.11793,2.11845,1.12,1.00
2016.05.13 07:01:46.671,2.11793,2.11851,1.12,1.75
2016.05.13 07:01:46.773,2.11799,2.11854,1.12,1.12
2016.05.13 07:01:46.874,2.11798,2.11854,1.12,1.50
2016.05.13 07:01:47.378,2.11797,2.11854,1.87,1.75
2016.05.13 07:01:47.429,2.11797,2.11854,1.75,1.75
2016.05.13 07:01:47.832,2.11797,2.11854,1.75,1.75
2016.05.13 07:01:48.136,2.11797,2.11854,1.75,1.75
2016.05.13 07:01:48.369,2.11792,2.1185,1.75,1.75
2016.05.13 07:01:48.521,2.11792,2.1185,1.87,1.75
2016.05.13 07:01:48.824,2.11795,2.1185,1.12,1.37
2016.05.13 07:01:48.874,2.11795,2.1185,1.12,1.37
2016.05.13 07:01:49.399,2.11795,2.1185,1.12,1.37
2016.05.13 07:01:49.720,2.11791,2.11846,1.12,1.37
2016.05.13 07:01:50.023,2.11787,2.11846,1.87,1.75
2016.05.13 07:01:50.502,2.11791,2.11846,1.12,1.50
2016.05.13 07:01:50.692,2.1179,2.11846,1.12,1.37
2016.05.13 07:01:50.743,2.11798,2.11851,1.12,1.37
2016.05.13 07:01:50.794,2.11802,2.11851,1.12,1.00
2016.05.13 07:01:50.895,2.11803,2.11856,1.12,1.00
2016.05.13 07:01:50.996,2.11805,2.1186,1.00,1.37
2016.05.13 07:01:51.149,2.11806,2.11864,1.37,1.75
2016.05.13 07:01:51.252,2.11806,2.11864,1.37,1.00
2016.05.13 07:01:51.556,2.11806,2.11864,1.75,1.37
2016.05.13 07:01:51.885,2.11802,2.11859,1.12,1.75
2016.05.13 07:01:52.036,2.11802,2.11859,1.12,1.37
2016.05.13 07:01:52.087,2.11796,2.11856,1.75,1.00
2016.05.13 07:01:52.592,2.11796,2.11856,1.75,1.00
2016.05.13 07:01:53.152,2.11796,2.11856,1.75,1.00
2016.05.13 07:01:54.059,2.11796,2.11856,1.75,1.00
2016.05.13 07:01:54.261,2.11801,2.11856,1.00,1.37
2016.05.13 07:01:54.615,2.11796,2.11856,1.75,1.12
2016.05.13 07:01:55.537,2.11796,2.11856,1.75,1.12
2016.05.13 07:01:55.638,2.11796,2.11856,1.75,1.00
2016.05.13 07:01:56.212,2.11796,2.11856,1.75,1.12
2016.05.13 07:01:56.775,2.11791,2.11848,1.87,1.00
2016.05.13 07:01:56.877,2.11794,2.11854,1.75,1.50
2016.05.13 07:01:57.079,2.11794,2.11854,1.75,1.00
2016.05.13 07:01:57.180,2.11801,2.11858,1.00,1.37
2016.05.13 07:01:57.528,2.11792,2.11852,1.75,1.00
2016.05.13 07:01:57.629,2.11792,2.11852,1.75,1.75
2016.05.13 07:01:57.781,2.11792,2.11852,1.75,1.75
2016.05.13 07:01:57.882,2.11792,2.11852,1.12,1.75
2016.05.13 07:01:57.984,2.11792,2.11852,1.37,1.75
2016.05.13 07:01:58.492,2.11792,2.11852,1.50,1.75
2016.05.13 07:01:59.122,2.11792,2.11852,1.12,1.75
2016.05.13 07:01:59.440,2.11792,2.11852,1.12,1.75
2016.05.13 07:01:59.492,2.11792,2.11852,1.00,1.75
2016.05.13 07:01:59.883,2.11789,2.11846,1.00,1.37
2016.05.13 07:01:59.985,2.11788,2.11844,1.00,1.00
2016.05.13 07:02:00.489,2.11788,2.11846,1.37,1.50
2016.05.13 07:02:00.823,2.11782,2.11842,1.75,1.00
2016.05.13 07:02:01.228,2.11782,2.11842,1.75,1.00
2016.05.13 07:02:01.329,2.11782,2.11842,1.75,1.00
2016.05.13 07:02:01.431,2.11782,2.11842,1.50,1.37
2016.05.13 07:02:01.532,2.11782,2.11842,1.75,1.12
2016.05.13 07:02:01.817,2.11782,2.11842,1.75,1.00
2016.05.13 07:02:02.019,2.11782,2.11842,1.00,1.75
2016.05.13 07:02:02.120,2.11782,2.11842,1.00,1.75
2016.05.13 07:02:03.322,2.11782,2.11842,1.00,1.75
2016.05.13 07:02:03.670,2.11782,2.11842,1.50,1.50
2016.05.13 07:02:04.199,2.11782,2.11842,1.75,1.50
2016.05.13 07:02:04.302,2.11782,2.11842,1.50,1.50
2016.05.13 07:02:04.354,2.11782,2.11842,1.12,1.75
2016.05.13 07:02:04.506,2.11782,2.11842,1.12,1.75
2016.05.13 07:02:04.709,2.11782,2.11842,1.12,1.75
2016.05.13 07:02:05.241,2.11782,2.11842,1.12,1.75
2016.05.13 07:02:05.444,2.11782,2.11842,1.50,1.75
2016.05.13 07:02:05.755,2.11782,2.11839,1.75,1.12
2016.05.13 07:02:05.806,2.11782,2.11839,1.75,1.37
2016.05.13 07:02:05.907,2.11777,2.11835,1.75,1.12
2016.05.13 07:02:06.275,2.11777,2.11835,1.37,1.75
2016.05.13 07:02:06.427,2.11777,2.11834,1.37,1.00
2016.05.13 07:02:07.033,2.11777,2.11835,1.75,1.12
2016.05.13 07:02:07.336,2.11777,2.11835,1.75,1.00
2016.05.13 07:02:07.386,2.11781,2.11838,1.75,1.12
2016.05.13 07:02:07.481,2.11781,2.11838,1.75,1.37
2016.05.13 07:02:07.785,2.11786,2.11846,1.75,1.50
2016.05.13 07:02:08.290,2.11786,2.11846,1.75,1.75
2016.05.13 07:02:08.608,2.11776,2.11834,1.75,1.00
2016.05.13 07:02:08.709,2.11781,2.11839,1.75,1.12
2016.05.13 07:02:08.760,2.11781,2.11839,2.25,1.00
2016.05.13 07:02:09.063,2.11786,2.11843,1.75,1.00
2016.05.13 07:02:09.165,2.11786,2.11843,1.75,1.00
2016.05.13 07:02:09.216,2.1179,2.11848,1.75,1.00
2016.05.13 07:02:09.574,2.11795,2.11852,1.75,1.00
2016.05.13 07:02:09.625,2.11795,2.11852,1.75,1.00
2016.05.13 07:02:10.170,2.11795,2.11852,1.75,1.00
2016.05.13 07:02:10.958,2.11795,2.11852,1.75,1.00
2016.05.13 07:02:11.224,2.11794,2.11858,1.75,1.00
2016.05.13 07:02:11.426,2.11805,2.11863,1.37,1.37
2016.05.13 07:02:11.729,2.1182,2.1188,1.00,1.87
2016.05.13 07:02:12.038,2.1182,2.1188,1.00,1.75
2016.05.13 07:02:12.139,2.11816,2.11875,1.00,1.75
2016.05.13 07:02:12.241,2.11822,2.11875,1.00,1.75
2016.05.13 07:02:12.343,2.11816,2.11875,1.37,1.50
2016.05.13 07:02:12.395,2.11816,2.11875,1.75,1.12
2016.05.13 07:02:12.547,2.11816,2.11875,1.75,1.00
2016.05.13 07:02:12.649,2.11816,2.11875,1.37,1.12
2016.05.13 07:02:12.769,2.11816,2.11875,1.50,1.75
2016.05.13 07:02:13.072,2.11816,2.11875,1.00,1.75
2016.05.13 07:02:13.435,2.11821,2.11879,1.12,1.75
2016.05.13 07:02:13.486,2.11821,2.11879,1.87,1.75
2016.05.13 07:02:13.537,2.11821,2.11879,1.87,1.75
2016.05.13 07:02:14.086,2.11821,2.11879,1.37,1.50
2016.05.13 07:02:14.440,2.11821,2.11879,1.37,1.50
2016.05.13 07:02:15.491,2.11821,2.11879,2.25,1.00
2016.05.13 07:02:15.794,2.11821,2.11879,2.25,1.00
2016.05.13 07:02:15.947,2.11821,2.11879,2.25,1.00
2016.05.13 07:02:16.132,2.11821,2.11879,2.25,1.12
2016.05.13 07:02:16.183,2.11821,2.11879,1.75,1.12
2016.05.13 07:02:16.385,2.11824,2.11879,1.00,1.00
2016.05.13 07:02:16.972,2.11822,2.11879,1.75,1.37
2016.05.13 07:02:17.650,2.11822,2.11879,1.75,1.00
2016.05.13 07:02:18.156,2.11822,2.11879,1.75,1.00
2016.05.13 07:02:18.725,2.11822,2.1188,2.25,1.50
2016.05.13 07:02:19.179,2.11822,2.1188,2.25,1.75
2016.05.13 07:02:19.959,2.11822,2.1188,2.25,1.37
2016.05.13 07:02:20.465,2.11822,2.1188,1.75,1.12
2016.05.13 07:02:20.812,2.11822,2.1188,1.50,1.75
2016.05.13 07:02:21.337,2.11822,2.1188,2.25,1.50
2016.05.13 07:02:21.804,2.11822,2.11875,1.37,1.12
2016.05.13 07:02:21.906,2.11815,2.11875,1.75,1.50
2016.05.13 07:02:22.276,2.11815,2.11875,1.75,1.00
2016.05.13 07:02:22.482,2.11821,2.11878,2.25,1.00
2016.05.13 07:02:22.836,2.11822,2.11883,1.75,1.37
2016.05.13 07:02:22.887,2.11824,2.11884,1.75,1.37
2016.05.13 07:02:23.190,2.1183,2.11887,1.75,1.00
2016.05.13 07:02:23.528,2.1183,2.11886,1.75,1.00
2016.05.13 07:02:23.630,2.11831,2.11886,1.00,1.37
2016.05.13 07:02:23.731,2.11829,2.11886,1.00,1.75
2016.05.13 07:02:24.036,2.1183,2.11886,1.50,1.50
2016.05.13 07:02:24.363,2.11829,2.11886,1.37,1.75
2016.05.13 07:02:24.692,2.1183,2.11886,1.75,1.00
2016.05.13 07:02:24.894,2.11829,2.11886,1.75,1.00
2016.05.13 07:02:25.046,2.11833,2.1189,1.75,1.50
2016.05.13 07:02:25.097,2.11833,2.1189,1.75,1.00
2016.05.13 07:02:25.299,2.11833,2.1189,1.75,1.00
2016.05.13 07:02:25.827,2.11836,2.11896,1.50,1.75
2016.05.13 07:02:26.030,2.11836,2.11896,1.75,1.00
2016.05.13 07:02:26.534,2.11836,2.11896,1.75,1.37
2016.05.13 07:02:26.710,2.11847,2.11905,1.37,1.75
2016.05.13 07:02:26.835,2.11852,2.1191,1.75,1.00
2016.05.13 07:02:27.138,2.11852,2.1191,1.75,1.12
2016.05.13 07:02:27.240,2.11852,2.1191,1.87,1.37
2016.05.13 07:02:27.543,2.11852,2.1191,1.00,1.75
2016.05.13 07:02:27.756,2.11848,2.11905,1.00,1.75
2016.05.13 07:02:27.807,2.11848,2.11905,1.00,1.75
2016.05.13 07:02:28.333,2.11848,2.11905,1.00,1.75
2016.05.13 07:02:28.434,2.11844,2.11899,1.50,1.37
2016.05.13 07:02:28.535,2.11842,2.11899,1.12,1.37
2016.05.13 07:02:28.636,2.11841,2.11899,1.00,1.75
2016.05.13 07:02:29.154,2.11842,2.11899,1.12,1.75
2016.05.13 07:02:30.546,2.11842,2.11899,1.00,1.75
2016.05.13 07:02:31.781,2.11842,2.1189,1.00,1.00
2016.05.13 07:02:32.084,2.11841,2.1189,1.00,1.50
2016.05.13 07:02:32.336,2.11841,2.1189,1.00,1.00
2016.05.13 07:02:32.488,2.11832,2.1189,1.12,1.00
2016.05.13 07:02:32.589,2.11842,2.1189,1.00,1.00
2016.05.13 07:02:33.115,2.11841,2.1189,1.37,1.00
2016.05.13 07:02:33.855,2.11842,2.1189,1.37,1.00
2016.05.13 07:02:33.956,2.11842,2.1189,1.50,1.00
2016.05.13 07:02:37.775,2.11841,2.11891,1.37,1.00
2016.05.13 07:02:39.133,2.11842,2.11896,1.75,1.00
2016.05.13 07:02:39.335,2.11842,2.11901,1.37,1.37
2016.05.13 07:02:39.437,2.11852,2.11906,1.12,1.37
2016.05.13 07:02:39.539,2.11852,2.11906,1.37,1.12
2016.05.13 07:02:39.758,2.11853,2.11906,1.00,1.00
2016.05.13 07:02:39.961,2.11851,2.11906,1.12,1.12
2016.05.13 07:02:40.272,2.11852,2.11906,1.75,1.00
2016.05.13 07:02:40.424,2.11851,2.1191,2.25,1.50
2016.05.13 07:02:40.946,2.11856,2.1191,1.00,1.00
2016.05.13 07:02:41.098,2.11862,2.1191,1.00,1.00
2016.05.13 07:02:41.867,2.11861,2.1191,1.00,1.00
2016.05.13 07:02:42.328,2.11852,2.1191,1.75,1.12
2016.05.13 07:02:42.379,2.11852,2.1191,1.37,1.12
2016.05.13 07:02:42.925,2.11851,2.1191,1.50,1.37
2016.05.13 07:02:43.583,2.11851,2.1191,1.50,1.50
2016.05.13 07:02:44.115,2.11852,2.1191,1.00,1.50
2016.05.13 07:02:44.557,2.11852,2.1191,1.50,1.00
2016.05.13 07:02:44.861,2.11861,2.1191,1.00,1.00
2016.05.13 07:02:44.911,2.11861,2.11915,1.00,1.75
2016.05.13 07:02:44.962,2.11867,2.11923,1.00,1.00
2016.05.13 07:02:45.013,2.11881,2.11925,1.00,1.37
2016.05.13 07:02:45.064,2.11881,2.11928,1.00,1.00
2016.05.13 07:02:45.166,2.11885,2.11943,1.12,1.12
2016.05.13 07:02:45.262,2.11885,2.11943,1.37,1.00
2016.05.13 07:02:45.313,2.11891,2.11951,1.50,1.50
2016.05.13 07:02:45.364,2.11891,2.11951,1.87,1.00
2016.05.13 07:02:45.466,2.11891,2.11951,1.50,1.50
2016.05.13 07:02:45.769,2.11902,2.11958,1.00,1.37
2016.05.13 07:02:46.291,2.11902,2.11958,1.00,1.00
2016.05.13 07:02:46.695,2.11902,2.11958,1.00,1.37
2016.05.13 07:02:47.012,2.11901,2.11958,1.00,1.75
2016.05.13 07:02:47.080,2.11901,2.11958,1.00,1.50
2016.05.13 07:02:47.131,2.11901,2.11958,1.00,1.50
2016.05.13 07:02:47.181,2.11901,2.11958,1.00,1.00
2016.05.13 07:02:47.283,2.11901,2.11958,1.37,1.00
2016.05.13 07:02:47.384,2.11906,2.11963,1.00,1.00
2016.05.13 07:02:47.687,2.11906,2.11963,1.00,1.37
2016.05.13 07:02:47.788,2.11906,2.11963,1.00,1.12
2016.05.13 07:02:48.087,2.11902,2.11943,1.00,1.00
2016.05.13 07:02:48.139,2.11891,2.11947,1.00,1.37
2016.05.13 07:02:48.190,2.11891,2.11947,1.37,1.00
2016.05.13 07:02:48.544,2.11889,2.11947,1.00,1.00
2016.05.13 07:02:48.595,2.11889,2.11947,1.37,1.00
2016.05.13 07:02:49.037,2.11894,2.11951,1.00,1.00
2016.05.13 07:02:49.584,2.11894,2.11951,1.00,1.37
2016.05.13 07:02:49.685,2.11894,2.11951,1.00,1.75
2016.05.13 07:02:49.837,2.11888,2.11947,1.12,1.00
2016.05.13 07:02:49.989,2.11885,2.11944,1.87,1.50
2016.05.13 07:02:50.295,2.11891,2.11944,1.00,1.00
2016.05.13 07:02:50.601,2.11885,2.11939,1.75,1.00
2016.05.13 07:02:51.038,2.11876,2.11933,1.75,1.12
2016.05.13 07:02:51.573,2.1188,2.11939,1.12,1.00
2016.05.13 07:02:52.027,2.11881,2.11939,1.50,1.00
2016.05.13 07:02:52.566,2.11881,2.11939,1.37,1.00
2016.05.13 07:02:53.205,2.11881,2.11939,1.37,1.37
2016.05.13 07:02:53.707,2.11881,2.11939,1.37,1.00
2016.05.13 07:02:53.809,2.11881,2.11939,1.12,1.00
2016.05.13 07:02:54.227,2.11886,2.11945,1.00,1.75
2016.05.13 07:02:54.543,2.11889,2.11948,1.00,1.75
2016.05.13 07:02:55.063,2.11889,2.11948,1.00,1.75
2016.05.13 07:02:55.366,2.11889,2.11948,1.00,1.75
2016.05.13 07:02:55.518,2.11894,2.11952,1.37,1.00
2016.05.13 07:02:55.670,2.11905,2.11965,1.00,1.75
2016.05.13 07:02:55.721,2.11905,2.11965,1.00,1.75
2016.05.13 07:02:55.822,2.11911,2.1197,1.00,1.87
2016.05.13 07:02:55.924,2.11911,2.1197,1.00,1.37
2016.05.13 07:02:56.112,2.11911,2.1197,1.00,1.75
2016.05.13 07:02:56.596,2.11905,2.11965,1.00,1.12
2016.05.13 07:02:56.647,2.11902,2.1196,1.50,1.12
2016.05.13 07:02:57.172,2.11901,2.1196,1.00,1.37
2016.05.13 07:02:57.547,2.11902,2.1196,1.37,1.37
2016.05.13 07:02:57.850,2.11897,2.11955,1.75,1.12
2016.05.13 07:02:57.901,2.11897,2.11955,1.50,1.12
2016.05.13 07:02:58.003,2.11901,2.11961,1.00,1.75
2016.05.13 07:02:58.105,2.11901,2.11961,1.75,1.12
2016.05.13 07:02:58.243,2.11901,2.11961,1.75,1.00
2016.05.13 07:02:58.345,2.11901,2.11961,1.50,1.00
2016.05.13 07:02:58.854,2.11901,2.11961,1.75,1.00
2016.05.13 07:02:59.400,2.11901,2.11961,1.75,1.00
2016.05.13 07:03:00.182,2.11904,2.11961,1.00,1.00
2016.05.13 07:03:00.435,2.11906,2.11966,1.00,1.50
2016.05.13 07:03:00.486,2.11906,2.11966,1.37,1.12
2016.05.13 07:03:00.677,2.11913,2.11971,1.00,1.37
2016.05.13 07:03:00.728,2.11906,2.11961,1.12,1.00
2016.05.13 07:03:00.779,2.11906,2.11961,1.37,1.00
2016.05.13 07:03:00.830,2.11906,2.11961,1.00,1.00
2016.05.13 07:03:00.982,2.11903,2.11961,1.12,1.12
2016.05.13 07:03:01.387,2.11902,2.11961,1.00,1.37
2016.05.13 07:03:01.864,2.11902,2.11961,1.00,1.75
2016.05.13 07:03:02.120,2.11898,2.11956,1.12,1.12
2016.05.13 07:03:02.171,2.11891,2.11949,1.75,1.12
2016.05.13 07:03:02.425,2.11882,2.11937,1.00,1.00
2016.05.13 07:03:02.527,2.11883,2.1194,1.00,1.50
2016.05.13 07:03:02.630,2.11883,2.1194,1.75,1.00
2016.05.13 07:03:02.681,2.11888,2.11946,1.00,1.12
2016.05.13 07:03:02.834,2.11896,2.11953,1.00,1.75
2016.05.13 07:03:02.886,2.11896,2.11953,1.00,1.50
2016.05.13 07:03:02.939,2.11896,2.11953,1.00,1.12
2016.05.13 07:03:03.663,2.11896,2.11953,1.37,1.00
2016.05.13 07:03:03.816,2.11901,2.11958,1.00,1.00
2016.05.13 07:03:03.868,2.11901,2.11958,1.37,1.00
2016.05.13 07:03:03.971,2.11897,2.11954,1.12,1.00
2016.05.13 07:03:04.397,2.11897,2.11954,1.00,1.37
2016.05.13 07:03:04.599,2.11897,2.11954,1.00,1.75
2016.05.13 07:03:04.735,2.11897,2.11954,1.00,1.75
2016.05.13 07:03:05.201,2.11897,2.11954,1.00,1.50
2016.05.13 07:03:05.302,2.11897,2.11954,1.00,1.75
2016.05.13 07:03:05.505,2.11897,2.11954,1.12,1.75
2016.05.13 07:03:05.606,2.11897,2.11954,1.00,1.12
2016.05.13 07:03:05.808,2.11909,2.11963,1.00,1.37
2016.05.13 07:03:05.885,2.11902,2.11959,1.37,1.37
2016.05.13 07:03:05.936,2.11902,2.11959,1.12,1.12
2016.05.13 07:03:05.987,2.11902,2.11959,1.00,1.37
2016.05.13 07:03:06.301,2.11902,2.11959,1.00,1.75
2016.05.13 07:03:06.402,2.11902,2.11959,1.00,1.00
2016.05.13 07:03:06.504,2.11902,2.11959,1.00,1.37
2016.05.13 07:03:06.656,2.11896,2.11955,1.00,1.00
2016.05.13 07:03:06.707,2.11896,2.11955,1.00,1.37
2016.05.13 07:03:06.979,2.119,2.11957,1.00,1.37
2016.05.13 07:03:07.231,2.119,2.11957,1.00,1.75
2016.05.13 07:03:07.555,2.119,2.11957,1.37,1.00
2016.05.13 07:03:07.808,2.11903,2.11963,1.37,1.00
2016.05.13 07:03:08.323,2.11903,2.11963,1.00,1.00
2016.05.13 07:03:08.425,2.11903,2.11963,1.00,1.37
2016.05.13 07:03:08.727,2.11903,2.11963,1.00,1.75
2016.05.13 07:03:09.076,2.11873,2.11932,1.87,1.87
2016.05.13 07:03:09.127,2.1188,2.11932,1.12,1.50
2016.05.13 07:03:09.379,2.1188,2.11936,1.12,1.00
2016.05.13 07:03:09.531,2.1189,2.11944,1.00,1.00
2016.05.13 07:03:09.582,2.11893,2.11949,1.37,1.50
2016.05.13 07:03:09.683,2.11893,2.11953,1.00,1.37
2016.05.13 07:03:10.220,2.11893,2.11953,1.00,1.12
2016.05.13 07:03:10.490,2.11893,2.11953,1.12,1.37
2016.05.13 07:03:10.795,2.11894,2.11953,1.37,1.12
2016.05.13 07:03:11.118,2.11899,2.11958,1.75,1.00
2016.05.13 07:03:11.623,2.11899,2.11958,1.75,1.00
2016.05.13 07:03:12.642,2.11899,2.11958,1.75,1.00
2016.05.13 07:03:12.693,2.11908,2.11966,1.00,1.50
2016.05.13 07:03:12.744,2.11903,2.11962,1.37,1.00
2016.05.13 07:03:13.126,2.11897,2.11957,1.75,1.00
2016.05.13 07:03:13.278,2.11892,2.1195,1.00,1.75
2016.05.13 07:03:13.329,2.1189,2.1195,1.37,1.37
2016.05.13 07:03:13.886,2.1189,2.1195,1.75,1.00
2016.05.13 07:03:14.189,2.1189,2.1195,1.37,1.75
2016.05.13 07:03:14.241,2.11886,2.11945,1.50,1.12
2016.05.13 07:03:14.342,2.11886,2.11945,1.75,1.00
2016.05.13 07:03:14.830,2.11886,2.11945,1.75,1.00
2016.05.13 07:03:14.982,2.11886,2.11945,1.00,1.75
2016.05.13 07:03:15.033,2.11882,2.1194,1.37,1.00
2016.05.13 07:03:15.235,2.11882,2.1194,1.37,1.00
2016.05.13 07:03:15.488,2.11882,2.1194,1.75,1.00
2016.05.13 07:03:15.791,2.11882,2.1194,1.75,1.00
2016.05.13 07:03:16.135,2.11892,2.1194,1.00,1.00
2016.05.13 07:03:16.449,2.11881,2.1194,2.25,1.00
2016.05.13 07:03:17.660,2.11881,2.1194,2.25,1.00
2016.05.13 07:03:17.762,2.11881,2.1194,2.25,1.00
2016.05.13 07:03:18.426,2.11883,2.1194,1.00,1.00
2016.05.13 07:03:18.845,2.11881,2.1194,2.25,1.00
2016.05.13 07:03:19.243,2.11884,2.1194,1.00,1.00
2016.05.13 07:03:19.846,2.11881,2.1194,2.25,1.00
2016.05.13 07:03:20.048,2.11885,2.11942,1.12,1.00
2016.05.13 07:03:20.250,2.11885,2.11942,1.37,1.00
2016.05.13 07:03:20.431,2.11885,2.11942,1.00,1.00
2016.05.13 07:03:20.797,2.1188,2.11937,1.87,1.00
2016.05.13 07:03:20.848,2.1188,2.11937,1.50,1.12
2016.05.13 07:03:20.899,2.1188,2.11937,1.12,1.12
2016.05.13 07:03:21.215,2.1188,2.11937,1.75,1.00
2016.05.13 07:03:21.367,2.11885,2.11942,1.37,1.00
2016.05.13 07:03:21.637,2.11885,2.11942,1.12,1.00
2016.05.13 07:03:22.368,2.11885,2.11942,1.37,1.00
2016.05.13 07:03:22.419,2.11882,2.11938,1.75,1.00
2016.05.13 07:03:22.621,2.11875,2.11933,1.75,1.00
2016.05.13 07:03:22.722,2.11875,2.11929,1.00,1.00
2016.05.13 07:03:22.975,2.1187,2.11929,1.50,1.00
2016.05.13 07:03:23.335,2.1187,2.11929,1.50,1.00
2016.05.13 07:03:23.655,2.1187,2.11929,1.75,1.00
2016.05.13 07:03:24.128,2.1187,2.11927,1.75,1.00
2016.05.13 07:03:24.330,2.11858,2.11915,1.12,1.75
2016.05.13 07:03:24.446,2.11858,2.11915,1.00,1.75
2016.05.13 07:03:24.497,2.11858,2.11915,1.00,1.75
2016.05.13 07:03:25.127,2.11853,2.1191,1.37,1.12
2016.05.13 07:03:25.178,2.11853,2.1191,1.00,1.37
2016.05.13 07:03:25.279,2.11853,2.1191,1.37,1.12
2016.05.13 07:03:25.588,2.11853,2.1191,1.50,1.12
2016.05.13 07:03:25.892,2.11853,2.1191,1.00,1.75
2016.05.13 07:03:26.330,2.11847,2.11907,1.00,1.75
2016.05.13 07:03:26.563,2.11847,2.11905,1.37,1.00
2016.05.13 07:03:26.981,2.11852,2.11907,1.00,1.12
2016.05.13 07:03:27.512,2.11852,2.11907,1.37,1.00
2016.05.13 07:03:27.763,2.11847,2.11902,1.00,1.00
2016.05.13 07:03:27.814,2.11842,2.11891,1.50,1.00
2016.05.13 07:03:27.966,2.11842,2.11891,1.00,1.37
2016.05.13 07:03:28.101,2.11841,2.11891,1.00,1.00
2016.05.13 07:03:28.203,2.11838,2.11895,1.37,1.00
2016.05.13 07:03:28.719,2.11838,2.11895,1.12,1.00
2016.05.13 07:03:29.224,2.11838,2.11895,1.00,1.37
2016.05.13 07:03:29.821,2.11838,2.11895,1.12,1.00
2016.05.13 07:03:30.445,2.11832,2.11892,2.25,1.00
2016.05.13 07:03:30.597,2.11835,2.11892,1.00,1.00
2016.05.13 07:03:31.125,2.11832,2.11892,1.75,1.00
2016.05.13 07:03:31.627,2.11832,2.11892,1.12,1.37
2016.05.13 07:03:31.930,2.11832,2.11892,1.75,1.00
2016.05.13 07:03:32.233,2.11832,2.11892,1.75,1.00
2016.05.13 07:03:32.385,2.11838,2.11896,1.75,1.00
2016.05.13 07:03:32.549,2.11841,2.11896,1.75,1.00
2016.05.13 07:03:33.432,2.11841,2.11896,1.75,1.00
2016.05.13 07:03:34.636,2.11841,2.11901,1.75,1.00
2016.05.13 07:03:34.689,2.11847,2.11905,1.12,1.50
2016.05.13 07:03:34.740,2.11847,2.11905,1.75,1.00
2016.05.13 07:03:34.791,2.11853,2.1191,1.37,1.12
2016.05.13 07:03:34.841,2.11853,2.1191,1.75,1.00
2016.05.13 07:03:35.388,2.11853,2.1191,1.75,1.00
2016.05.13 07:03:35.503,2.11853,2.1191,1.75,1.00
2016.05.13 07:03:36.047,2.11853,2.1191,1.75,1.00
2016.05.13 07:03:36.395,2.11853,2.1191,1.75,1.00
2016.05.13 07:03:36.748,2.11852,2.11905,1.75,1.00
2016.05.13 07:03:36.850,2.11852,2.11905,1.75,1.00
2016.05.13 07:03:36.951,2.11852,2.11905,1.75,1.00
2016.05.13 07:03:37.002,2.11852,2.11905,1.75,1.00
2016.05.13 07:03:37.745,2.11852,2.11905,1.75,1.00
2016.05.13 07:03:38.603,2.11859,2.11905,1.00,1.00
2016.05.13 07:03:38.731,2.11852,2.11905,1.75,1.00
2016.05.13 07:03:38.833,2.11852,2.11911,2.25,1.00
2016.05.13 07:03:38.935,2.11852,2.11911,2.25,1.00
2016.05.13 07:03:39.235,2.11857,2.11911,1.00,1.00
2016.05.13 07:03:39.539,2.11852,2.11911,2.25,1.00
2016.05.13 07:03:39.830,2.11857,2.11911,1.00,1.00
2016.05.13 07:03:39.881,2.11852,2.11907,1.75,1.00
2016.05.13 07:03:39.931,2.11852,2.11907,1.75,1.00
2016.05.13 07:03:40.033,2.11852,2.11907,1.50,1.00
2016.05.13 07:03:40.134,2.11844,2.11901,1.75,1.00
2016.05.13 07:03:40.656,2.11844,2.11901,1.75,1.00
2016.05.13 07:03:41.001,2.11841,2.11893,1.00,1.37
2016.05.13 07:03:41.053,2.11841,2.11895,1.12,1.00
2016.05.13 07:03:41.255,2.11842,2.11897,1.75,1.00
2016.05.13 07:03:41.559,2.11851,2.11897,1.00,1.00
2016.05.13 07:03:42.158,2.11841,2.11897,1.75,1.00
2016.05.13 07:03:42.422,2.11844,2.11902,1.37,1.12
2016.05.13 07:03:42.523,2.11844,2.11902,1.37,1.00
2016.05.13 07:03:42.927,2.11844,2.11902,1.75,1.37
2016.05.13 07:03:43.230,2.11852,2.11907,1.37,1.37
2016.05.13 07:03:43.350,2.11852,2.11907,1.50,1.00
2016.05.13 07:03:43.401,2.11852,2.11907,1.75,1.00
2016.05.13 07:03:43.553,2.11858,2.11917,1.00,1.75
2016.05.13 07:03:43.604,2.11861,2.11917,1.00,1.75
2016.05.13 07:03:43.655,2.11861,2.11917,1.00,1.12
2016.05.13 07:03:43.757,2.11861,2.11917,1.37,1.00
2016.05.13 07:03:44.060,2.11872,2.11921,1.00,1.00
2016.05.13 07:03:44.161,2.11872,2.11925,1.00,1.12
2016.05.13 07:03:44.527,2.11872,2.11925,1.00,1.37
2016.05.13 07:03:44.736,2.11872,2.11925,1.00,1.12
2016.05.13 07:03:45.241,2.11871,2.11925,1.00,1.12
2016.05.13 07:03:46.830,2.11871,2.11925,1.00,1.37
2016.05.13 07:03:47.339,2.11871,2.11925,1.00,1.00
2016.05.13 07:03:47.848,2.11871,2.11925,1.37,1.12
2016.05.13 07:03:48.174,2.11871,2.11925,1.00,1.75
2016.05.13 07:03:48.553,2.11871,2.11925,1.12,1.50
2016.05.13 07:03:49.076,2.11871,2.11925,1.12,1.12
2016.05.13 07:03:49.252,2.11871,2.11925,1.12,1.37
2016.05.13 07:03:49.556,2.11871,2.11921,1.00,1.00
2016.05.13 07:03:50.283,2.11871,2.11927,1.00,1.75
2016.05.13 07:03:50.687,2.11871,2.11927,1.00,1.75
2016.05.13 07:03:51.382,2.11871,2.11927,1.00,1.75
2016.05.13 07:03:51.484,2.11871,2.11927,1.00,1.75
2016.05.13 07:03:51.686,2.11871,2.11927,1.00,1.50
2016.05.13 07:03:51.787,2.11871,2.11927,1.00,1.75
2016.05.13 07:03:51.888,2.11873,2.1193,1.00,1.75
2016.05.13 07:03:52.090,2.11873,2.1193,1.12,1.37
2016.05.13 07:03:52.192,2.11873,2.1193,1.37,1.00
2016.05.13 07:03:52.325,2.11882,2.1193,1.00,1.00
2016.05.13 07:03:53.019,2.11882,2.11935,1.00,1.75
2016.05.13 07:03:53.070,2.11882,2.11935,1.00,1.75
2016.05.13 07:03:53.613,2.11881,2.11935,1.00,1.75
2016.05.13 07:03:54.414,2.11881,2.11935,1.00,1.75
2016.05.13 07:03:54.714,2.11871,2.1193,1.50,1.75
2016.05.13 07:03:54.767,2.11865,2.11924,2.62,1.75
2016.05.13 07:03:54.969,2.11862,2.11918,1.00,1.37
2016.05.13 07:03:55.020,2.11861,2.11918,1.12,1.75
2016.05.13 07:03:55.323,2.11856,2.11913,1.00,1.75
2016.05.13 07:03:55.801,2.11856,2.11913,1.12,1.37
2016.05.13 07:03:56.003,2.11856,2.11913,1.37,1.75
2016.05.13 07:03:56.105,2.11856,2.11913,1.50,1.12
2016.05.13 07:03:56.399,2.11859,2.11919,1.50,1.75
2016.05.13 07:03:56.501,2.11859,2.11919,1.50,1.12
2016.05.13 07:03:56.551,2.11865,2.11922,1.00,1.75
2016.05.13 07:03:56.888,2.11891,2.11948,1.00,1.75
2016.05.13 07:03:56.940,2.11891,2.11948,1.00,1.37
2016.05.13 07:03:56.991,2.11896,2.11953,1.00,1.75
2016.05.13 07:03:57.193,2.11896,2.11953,1.00,1.75
2016.05.13 07:03:57.496,2.11896,2.11953,1.00,1.75
2016.05.13 07:03:57.598,2.11887,2.11944,1.12,1.00
2016.05.13 07:03:57.760,2.11882,2.11929,1.75,1.00
2016.05.13 07:03:57.811,2.11877,2.11929,1.37,1.00
2016.05.13 07:03:57.912,2.11871,2.11929,1.50,1.00
2016.05.13 07:03:58.334,2.11872,2.11929,1.37,1.00
2016.05.13 07:03:58.745,2.11871,2.11929,1.75,1.00
2016.05.13 07:03:58.924,2.11875,2.11933,1.50,1.00
2016.05.13 07:03:59.257,2.1188,2.11939,1.37,1.00
2016.05.13 07:03:59.358,2.11886,2.11943,1.00,1.00
2016.05.13 07:04:00.410,2.11886,2.11943,1.00,1.37
2016.05.13 07:04:00.911,2.11886,2.11943,1.00,1.12
2016.05.13 07:04:01.063,2.1188,2.11939,1.37,1.00
2016.05.13 07:04:01.397,2.11886,2.11943,1.37,1.00
2016.05.13 07:04:01.600,2.11891,2.11948,1.37,1.00
2016.05.13 07:04:02.225,2.11891,2.11948,1.50,1.00
2016.05.13 07:04:03.056,2.11891,2.11948,1.37,1.00
2016.05.13 07:04:03.558,2.11891,2.11948,1.12,1.00
2016.05.13 07:04:04.358,2.11881,2.11938,1.75,1.00
2016.05.13 07:04:04.409,2.11886,2.11943,1.50,1.00
2016.05.13 07:04:04.460,2.11886,2.11943,1.50,1.00
2016.05.13 07:04:04.663,2.11886,2.11943,1.37,1.00
2016.05.13 07:04:05.223,2.11886,2.11943,1.00,1.00
2016.05.13 07:04:07.067,2.11894,2.11951,1.00,1.75
2016.05.13 07:04:07.219,2.11898,2.11957,1.12,1.00
2016.05.13 07:04:07.730,2.11898,2.11957,1.00,1.37
2016.05.13 07:04:08.235,2.11898,2.11957,1.00,1.12
2016.05.13 07:04:08.936,2.11898,2.11957,1.00,1.37
2016.05.13 07:04:09.586,2.11898,2.11957,1.37,1.37
2016.05.13 07:04:09.687,2.11898,2.11957,1.37,1.00
2016.05.13 07:04:09.788,2.11898,2.11957,1.75,1.00
2016.05.13 07:04:09.839,2.11898,2.11957,1.50,1.00
2016.05.13 07:04:10.041,2.11898,2.11957,1.37,1.00
2016.05.13 07:04:10.580,2.11898,2.11957,1.75,1.00
2016.05.13 07:04:10.891,2.11899,2.11957,1.00,1.00
2016.05.13 07:04:10.942,2.11908,2.11965,1.00,1.75
2016.05.13 07:04:11.044,2.11915,2.11972,1.00,2.25
2016.05.13 07:04:11.454,2.11909,2.11969,1.50,1.37
2016.05.13 07:04:11.564,2.11909,2.11969,1.00,1.75
2016.05.13 07:04:12.095,2.11909,2.11969,1.00,1.75
2016.05.13 07:04:12.146,2.11904,2.11964,1.00,1.75
2016.05.13 07:04:12.197,2.11901,2.11958,1.12,1.12
2016.05.13 07:04:12.538,2.11901,2.11958,1.00,1.75
2016.05.13 07:04:12.589,2.11891,2.11948,2.25,1.00
2016.05.13 07:04:12.691,2.11886,2.11943,1.37,1.37
2016.05.13 07:04:12.949,2.1189,2.1195,1.00,1.00
2016.05.13 07:04:13.000,2.11887,2.11946,1.37,1.00
2016.05.13 07:04:13.151,2.11883,2.1194,1.00,1.50
2016.05.13 07:04:13.202,2.11871,2.11924,1.75,1.00
2016.05.13 07:04:13.253,2.1187,2.1193,1.12,1.00
2016.05.13 07:04:13.304,2.11871,2.11929,1.37,1.00
2016.05.13 07:04:13.506,2.11867,2.11924,1.75,1.00
2016.05.13 07:04:13.810,2.11843,2.11895,1.12,1.00
2016.05.13 07:04:14.131,2.11826,2.11878,1.12,1.00
2016.05.13 07:04:14.334,2.11815,2.11874,1.75,1.00
2016.05.13 07:04:14.385,2.11815,2.11874,1.75,1.00
2016.05.13 07:04:14.486,2.11817,2.11874,1.00,1.00
2016.05.13 07:04:14.587,2.11815,2.11874,1.50,1.00
2016.05.13 07:04:14.910,2.11813,2.11872,1.37,1.00
2016.05.13 07:04:14.961,2.11813,2.11872,1.75,1.00
2016.05.13 07:04:15.011,2.11813,2.11877,1.75,1.00
2016.05.13 07:04:15.062,2.11823,2.11881,1.00,1.37
2016.05.13 07:04:15.113,2.11823,2.11881,1.37,1.00
2016.05.13 07:04:15.618,2.11823,2.11881,1.00,1.00
2016.05.13 07:04:16.509,2.11823,2.11881,1.37,1.00
2016.05.13 07:04:16.812,2.11823,2.11881,1.00,1.00
2016.05.13 07:04:17.012,2.11823,2.11881,1.00,1.37
2016.05.13 07:04:17.214,2.11818,2.11877,1.50,1.00
2016.05.13 07:04:17.611,2.11818,2.11877,1.50,1.00
2016.05.13 07:04:17.989,2.1182,2.11877,1.00,1.00
2016.05.13 07:04:18.289,2.11823,2.11882,1.12,1.37
2016.05.13 07:04:18.339,2.11823,2.11882,1.37,1.00
2016.05.13 07:04:18.441,2.11823,2.11882,1.12,1.00
2016.05.13 07:04:18.595,2.11823,2.11882,1.00,1.50
2016.05.13 07:04:18.900,2.11823,2.11882,1.00,1.50
2016.05.13 07:04:19.316,2.11823,2.1188,1.00,1.00
2016.05.13 07:04:19.367,2.11818,2.11877,1.37,1.00
2016.05.13 07:04:19.885,2.11818,2.11877,1.50,1.00
2016.05.13 07:04:20.219,2.11824,2.11881,1.00,1.37
2016.05.13 07:04:20.320,2.11824,2.11881,1.00,1.37
2016.05.13 07:04:20.371,2.11824,2.11881,1.00,1.00
2016.05.13 07:04:20.654,2.11833,2.1189,1.00,1.75
2016.05.13 07:04:20.705,2.11826,2.11883,1.12,1.00
2016.05.13 07:04:20.755,2.11829,2.11886,1.00,1.00
2016.05.13 07:04:21.108,2.11824,2.11881,1.75,1.00
2016.05.13 07:04:21.652,2.11824,2.11881,1.75,1.37
2016.05.13 07:04:22.378,2.11823,2.11876,1.87,1.00
2016.05.13 07:04:22.479,2.11815,2.11871,1.12,1.00
2016.05.13 07:04:22.720,2.11814,2.11871,1.00,1.12
2016.05.13 07:04:23.427,2.11814,2.11871,1.00,1.37
2016.05.13 07:04:23.579,2.11821,2.11878,1.00,1.75
2016.05.13 07:04:23.807,2.11843,2.11902,1.75,1.12
2016.05.13 07:04:23.858,2.11849,2.11908,1.12,1.00
2016.05.13 07:04:23.909,2.11854,2.11913,1.00,1.37
2016.05.13 07:04:24.212,2.11859,2.11917,1.12,1.00
2016.05.13 07:04:25.032,2.11859,2.11917,1.37,1.00
2016.05.13 07:04:25.082,2.11864,2.11921,1.00,1.12
2016.05.13 07:04:25.133,2.11869,2.11925,1.37,1.37
2016.05.13 07:04:25.184,2.11869,2.11925,1.37,1.00
2016.05.13 07:04:25.235,2.11873,2.1193,1.37,1.00
2016.05.13 07:04:25.724,2.11873,2.1193,1.50,1.00
2016.05.13 07:04:26.136,2.11873,2.1193,1.75,1.00
2016.05.13 07:04:26.187,2.11877,2.11936,1.37,1.00
2016.05.13 07:04:26.768,2.11877,2.11936,1.00,1.00
2016.05.13 07:04:27.065,2.11877,2.11936,1.37,1.00
2016.05.13 07:04:27.589,2.11877,2.11936,1.75,1.00
2016.05.13 07:04:28.231,2.11877,2.11936,1.75,1.00
2016.05.13 07:04:28.333,2.11883,2.11939,1.00,1.00
2016.05.13 07:04:29.144,2.11883,2.11939,1.00,1.37
2016.05.13 07:04:29.645,2.11883,2.11939,1.00,1.37
2016.05.13 07:04:30.176,2.11883,2.11939,1.00,1.50
2016.05.13 07:04:30.339,2.11883,2.11939,1.00,1.50
2016.05.13 07:04:30.665,2.11883,2.11939,1.00,1.50
2016.05.13 07:04:31.069,2.11877,2.11937,1.00,1.75
2016.05.13 07:04:31.170,2.11877,2.11936,1.37,1.00
2016.05.13 07:04:31.221,2.11883,2.1194,1.00,1.75
2016.05.13 07:04:31.323,2.11883,2.1194,1.00,1.50
2016.05.13 07:04:31.373,2.11883,2.1194,1.00,1.50
2016.05.13 07:04:31.475,2.11883,2.1194,1.00,1.50
2016.05.13 07:04:31.678,2.11883,2.1194,1.00,1.37
2016.05.13 07:04:31.812,2.11877,2.11937,1.00,1.50
2016.05.13 07:04:32.050,2.11877,2.11937,1.12,1.12
2016.05.13 07:04:33.458,2.11874,2.11931,1.37,1.00
2016.05.13 07:04:33.761,2.1188,2.11939,1.37,1.37
2016.05.13 07:04:33.913,2.11892,2.11949,1.75,1.00
2016.05.13 07:04:33.965,2.119,2.11959,1.37,1.50
2016.05.13 07:04:34.139,2.11907,2.11964,1.37,1.00
2016.05.13 07:04:34.444,2.11907,2.11964,1.75,1.00
2016.05.13 07:04:34.696,2.11907,2.11964,1.50,1.00
2016.05.13 07:04:34.848,2.1191,2.1197,1.00,1.50
2016.05.13 07:04:34.950,2.11917,2.11974,1.00,1.37
2016.05.13 07:04:35.272,2.11917,2.11974,1.37,1.00
2016.05.13 07:04:36.191,2.11918,2.11974,1.00,1.00
2016.05.13 07:04:36.292,2.11917,2.11974,1.12,1.37
2016.05.13 07:04:36.403,2.11911,2.1197,1.00,1.50
2016.05.13 07:04:36.505,2.11905,2.11964,1.50,1.00
2016.05.13 07:04:36.607,2.11911,2.11968,1.12,1.00
2016.05.13 07:04:37.383,2.11911,2.11968,1.37,1.00
2016.05.13 07:04:38.570,2.11915,2.11973,1.00,1.00
2016.05.13 07:04:38.723,2.11915,2.11973,1.37,1.00
2016.05.13 07:04:39.227,2.11915,2.11973,1.37,1.00
2016.05.13 07:04:39.495,2.11919,2.11978,1.12,1.00
2016.05.13 07:04:39.698,2.11927,2.11984,1.12,1.37
2016.05.13 07:04:39.983,2.11953,2.12009,1.00,1.00
2016.05.13 07:04:40.034,2.11957,2.12016,1.00,1.75
2016.05.13 07:04:40.237,2.11977,2.12034,1.00,1.00
2016.05.13 07:04:40.288,2.11982,2.12039,1.00,1.75
2016.05.13 07:04:40.339,2.11982,2.12039,1.00,1.00
2016.05.13 07:04:40.541,2.11975,2.12034,1.12,1.00
2016.05.13 07:04:40.743,2.1198,2.12039,1.00,2.25
2016.05.13 07:04:40.844,2.11975,2.12034,1.12,1.00
2016.05.13 07:04:40.895,2.11981,2.12038,1.00,1.87
2016.05.13 07:04:41.224,2.11981,2.12038,1.00,2.25
2016.05.13 07:04:41.630,2.11981,2.12038,1.00,1.75
2016.05.13 07:04:41.681,2.11975,2.12034,1.00,1.75
2016.05.13 07:04:41.732,2.11972,2.12028,1.12,1.50
2016.05.13 07:04:42.104,2.11966,2.12011,1.00,1.00
2016.05.13 07:04:42.257,2.11953,2.12011,1.00,1.00
2016.05.13 07:04:42.409,2.11953,2.12008,1.00,1.00
2016.05.13 07:04:42.511,2.11953,2.12011,1.00,1.00
2016.05.13 07:04:43.140,2.11953,2.12011,1.37,1.00
2016.05.13 07:04:43.645,2.11953,2.12011,1.12,1.00
2016.05.13 07:04:44.167,2.11953,2.12011,1.37,1.00
2016.05.13 07:04:44.682,2.11953,2.12011,1.00,1.37
2016.05.13 07:04:45.715,2.11953,2.12011,1.00,1.12
2016.05.13 07:04:46.441,2.11953,2.12011,1.00,1.50
2016.05.13 07:04:47.320,2.11953,2.12011,1.00,1.50
2016.05.13 07:04:47.561,2.11951,2.11999,1.00,1.00
2016.05.13 07:04:47.865,2.11935,2.11989,1.50,1.00
2016.05.13 07:04:48.067,2.11936,2.11995,1.87,1.00
2016.05.13 07:04:48.596,2.11936,2.11995,1.50,1.00
2016.05.13 07:04:48.949,2.11936,2.11995,1.00,1.37
2016.05.13 07:04:49.854,2.11936,2.11995,1.00,1.75
2016.05.13 07:04:50.535,2.11936,2.11995,1.00,1.75
2016.05.13 07:04:51.045,2.11936,2.11995,1.00,1.75
2016.05.13 07:04:51.146,2.11936,2.11995,1.12,1.00
2016.05.13 07:04:51.197,2.11943,2.12,1.00,1.50
2016.05.13 07:04:51.248,2.11943,2.12,1.00,1.00
2016.05.13 07:04:51.450,2.11937,2.11996,1.00,1.37
2016.05.13 07:04:51.959,2.11934,2.11989,1.00,1.00
2016.05.13 07:04:52.283,2.11932,2.11989,1.00,1.37
2016.05.13 07:04:52.690,2.11932,2.11989,1.00,2.25
2016.05.13 07:04:53.194,2.11932,2.11989,1.00,1.00
2016.05.13 07:04:53.738,2.11932,2.11989,1.00,1.50
2016.05.13 07:04:54.264,2.11932,2.11989,1.00,1.00
2016.05.13 07:04:55.493,2.11932,2.11989,1.37,1.00
2016.05.13 07:04:55.544,2.11938,2.11995,1.00,1.00
2016.05.13 07:04:55.948,2.11938,2.11995,1.50,1.00
2016.05.13 07:04:56.349,2.11938,2.11995,1.50,1.00
2016.05.13 07:04:57.201,2.11942,2.12001,1.00,1.12
2016.05.13 07:04:57.673,2.11942,2.12001,1.00,1.37
2016.05.13 07:04:57.877,2.11942,2.12001,1.00,1.50
2016.05.13 07:04:58.199,2.11942,2.12001,1.00,1.50
2016.05.13 07:04:58.901,2.11942,2.12001,1.00,1.37
2016.05.13 07:04:59.419,2.11942,2.12001,1.00,1.37
2016.05.13 07:04:59.690,2.11942,2.12001,1.00,1.12
2016.05.13 07:05:00.104,2.11942,2.12001,1.00,1.37
2016.05.13 07:05:00.625,2.11942,2.12001,1.00,1.37
2016.05.13 07:05:00.878,2.11936,2.11995,1.12,1.00
2016.05.13 07:05:01.282,2.11936,2.11995,1.00,1.75
2016.05.13 07:05:01.333,2.11931,2.1199,1.00,1.00
2016.05.13 07:05:01.723,2.11931,2.1199,1.00,1.37
2016.05.13 07:05:01.774,2.11931,2.11988,1.00,1.00
2016.05.13 07:05:02.323,2.11931,2.1199,1.00,1.37
2016.05.13 07:05:02.849,2.11931,2.1199,1.00,1.12
2016.05.13 07:05:03.357,2.11931,2.1199,1.00,1.37
2016.05.13 07:05:03.510,2.11936,2.11995,1.00,1.75
2016.05.13 07:05:03.845,2.11936,2.11995,1.00,1.75
2016.05.13 07:05:03.966,2.11936,2.11995,1.00,1.75
2016.05.13 07:05:04.482,2.11932,2.11989,1.00,1.37
2016.05.13 07:05:04.785,2.11932,2.11978,1.00,1.00
2016.05.13 07:05:05.254,2.11927,2.11979,1.37,1.00
2016.05.13 07:05:05.910,2.11926,2.11978,2.25,1.00
2016.05.13 07:05:06.552,2.11926,2.11979,2.25,1.00
2016.05.13 07:05:07.242,2.11926,2.11978,2.25,1.00
2016.05.13 07:05:07.517,2.11926,2.11983,2.25,1.00
2016.05.13 07:05:07.775,2.1193,2.11988,1.00,1.00
2016.05.13 07:05:07.927,2.1193,2.11989,1.00,2.25
2016.05.13 07:05:08.230,2.1193,2.11989,1.00,2.25
2016.05.13 07:05:08.536,2.1193,2.11989,1.00,2.25
2016.05.13 07:05:08.637,2.1193,2.11989,1.00,2.25
2016.05.13 07:05:08.923,2.1193,2.11988,1.00,1.12
2016.05.13 07:05:09.124,2.1193,2.11988,1.00,1.37
2016.05.13 07:05:09.811,2.11926,2.11978,1.87,1.00
2016.05.13 07:05:09.983,2.11924,2.11978,1.37,1.00
2016.05.13 07:05:10.034,2.11924,2.11978,1.00,1.00
2016.05.13 07:05:10.564,2.11924,2.11979,1.00,1.00
2016.05.13 07:05:11.121,2.11924,2.11978,1.00,1.00
2016.05.13 07:05:11.627,2.11924,2.11978,1.00,1.37
2016.05.13 07:05:12.031,2.11917,2.11975,2.62,1.00
2016.05.13 07:05:12.082,2.11917,2.1197,1.50,1.00
2016.05.13 07:05:12.234,2.11911,2.11968,1.00,1.00
2016.05.13 07:05:14.436,2.11911,2.11968,1.37,1.00
2016.05.13 07:05:14.739,2.11927,2.11986,1.37,1.50
2016.05.13 07:05:14.840,2.11927,2.11978,1.50,1.00
2016.05.13 07:05:15.106,2.11916,2.11969,1.12,1.00
2016.05.13 07:05:15.320,2.11916,2.11972,1.00,1.00
2016.05.13 07:05:15.371,2.1192,2.11977,1.00,1.37
2016.05.13 07:05:15.674,2.11931,2.11979,1.37,1.00
2016.05.13 07:05:15.725,2.11936,2.11989,1.37,1.00
2016.05.13 07:05:15.776,2.11929,2.11987,1.75,1.00
2016.05.13 07:05:15.827,2.11931,2.11978,1.00,1.00
2016.05.13 07:05:16.103,2.11915,2.11968,1.00,1.00
2016.05.13 07:05:16.154,2.11915,2.11971,1.00,1.12
2016.05.13 07:05:16.256,2.11922,2.11978,1.37,1.87
2016.05.13 07:05:16.307,2.11922,2.11978,1.37,1.50
2016.05.13 07:05:16.357,2.11922,2.11978,1.37,1.50
2016.05.13 07:05:16.459,2.11922,2.11978,1.50,1.00
2016.05.13 07:05:16.589,2.11922,2.11978,1.50,1.00
2016.05.13 07:05:17.140,2.11922,2.11978,1.75,1.50
2016.05.13 07:05:17.425,2.11922,2.11978,1.37,1.00
2016.05.13 07:05:17.577,2.11922,2.11978,1.00,1.37
2016.05.13 07:05:18.353,2.11922,2.11978,1.00,2.25
2016.05.13 07:05:18.899,2.11922,2.11975,1.00,1.00
2016.05.13 07:05:19.396,2.11922,2.11978,1.00,1.50
2016.05.13 07:05:19.852,2.11922,2.11978,1.00,1.37
2016.05.13 07:05:20.155,2.11922,2.11978,1.00,1.00
2016.05.13 07:05:21.752,2.1192,2.11976,1.00,1.00
2016.05.13 07:05:25.670,2.1192,2.11976,1.37,1.00
2016.05.13 07:05:26.079,2.1192,2.11976,1.12,1.00
2016.05.13 07:05:26.589,2.1192,2.11976,1.37,1.00
2016.05.13 07:05:27.514,2.1192,2.11976,1.00,1.00
2016.05.13 07:05:27.722,2.11918,2.11969,1.50,1.00
2016.05.13 07:05:28.419,2.11918,2.11969,1.75,1.00
2016.05.13 07:05:28.967,2.11918,2.11969,1.50,1.00
2016.05.13 07:05:30.637,2.11918,2.11969,1.75,1.00
2016.05.13 07:05:30.738,2.11918,2.11969,1.00,1.00
2016.05.13 07:05:31.273,2.11918,2.11968,1.00,1.00
2016.05.13 07:05:31.589,2.11918,2.11968,1.37,1.00
2016.05.13 07:05:31.640,2.11915,2.1197,1.87,1.00
2016.05.13 07:05:31.691,2.11916,2.11971,1.12,1.00
2016.05.13 07:05:31.792,2.11916,2.11959,1.87,1.00
2016.05.13 07:05:31.843,2.1192,2.11959,1.37,1.00
2016.05.13 07:05:31.894,2.1192,2.11978,1.37,1.50
2016.05.13 07:05:32.197,2.1192,2.11969,1.12,1.00
2016.05.13 07:05:32.298,2.1192,2.11978,1.12,1.00
2016.05.13 07:05:32.692,2.11919,2.11969,1.50,1.00
2016.05.13 07:05:33.096,2.11919,2.11976,1.75,1.00
2016.05.13 07:05:34.647,2.11924,2.11978,1.37,1.00
2016.05.13 07:05:34.951,2.11929,2.11984,1.75,1.00
2016.05.13 07:05:35.499,2.11923,2.11978,1.75,1.00
2016.05.13 07:05:35.601,2.11918,2.11974,2.25,1.00
2016.05.13 07:05:35.651,2.11918,2.11974,1.37,1.37
2016.05.13 07:05:35.702,2.11918,2.11969,1.00,1.37
2016.05.13 07:05:36.225,2.11918,2.11969,1.00,1.00
2016.05.13 07:05:36.489,2.11918,2.11974,1.00,1.75
2016.05.13 07:05:36.992,2.11918,2.11974,1.00,1.12
2016.05.13 07:05:37.094,2.11918,2.11969,1.00,1.00
2016.05.13 07:05:38.149,2.11918,2.11969,1.37,1.00
2016.05.13 07:05:38.301,2.11918,2.11974,1.50,1.00
2016.05.13 07:05:38.351,2.11918,2.11974,1.50,1.00
2016.05.13 07:05:39.362,2.11918,2.11969,1.75,1.00
2016.05.13 07:05:40.164,2.11918,2.11974,1.75,1.00
2016.05.13 07:05:40.972,2.11918,2.11974,1.12,1.00
2016.05.13 07:05:41.118,2.11919,2.11977,1.00,1.12
2016.05.13 07:05:41.371,2.11911,2.11969,1.87,1.00
2016.05.13 07:05:41.623,2.11901,2.11959,1.00,1.00
2016.05.13 07:05:41.775,2.11901,2.11959,1.37,1.00
2016.05.13 07:05:42.303,2.11901,2.11959,1.37,1.00
2016.05.13 07:05:42.605,2.11901,2.11959,1.75,1.00
2016.05.13 07:05:44.180,2.11901,2.11959,1.75,1.00
2016.05.13 07:05:45.337,2.11907,2.11962,1.12,1.00
2016.05.13 07:05:45.388,2.11907,2.11962,1.75,1.00
2016.05.13 07:05:45.691,2.11911,2.11967,1.75,1.00
2016.05.13 07:05:45.743,2.11916,2.11971,1.75,1.00
2016.05.13 07:05:46.266,2.11916,2.11971,1.75,1.00
2016.05.13 07:05:46.586,2.1192,2.11971,1.00,1.00
2016.05.13 07:05:47.120,2.11916,2.11971,1.75,1.00
2016.05.13 07:05:47.171,2.1192,2.11978,1.37,1.00
2016.05.13 07:05:47.222,2.11939,2.11988,1.00,1.75
2016.05.13 07:05:47.273,2.11934,2.11988,1.37,1.37
2016.05.13 07:05:47.324,2.11934,2.11989,1.75,1.00
2016.05.13 07:05:47.375,2.11939,2.11994,1.00,1.00
2016.05.13 07:05:47.650,2.11939,2.11994,1.37,1.00
2016.05.13 07:05:47.967,2.11939,2.11994,1.75,1.00
2016.05.13 07:05:48.162,2.11939,2.11994,1.75,1.00
2016.05.13 07:05:48.213,2.11943,2.12,1.12,1.00
2016.05.13 07:05:48.314,2.11949,2.12006,1.00,1.75
2016.05.13 07:05:48.416,2.11954,2.1201,1.00,1.37
2016.05.13 07:05:48.517,2.11954,2.12011,1.37,1.00
2016.05.13 07:05:49.040,2.11954,2.12011,1.00,1.12
2016.05.13 07:05:49.293,2.11949,2.12007,1.12,1.12
2016.05.13 07:05:49.445,2.11961,2.12019,1.00,1.75
2016.05.13 07:05:49.496,2.11953,2.12011,1.75,1.37
2016.05.13 07:05:49.597,2.11967,2.12021,1.00,1.00
2016.05.13 07:05:49.648,2.11967,2.12025,1.00,1.50
2016.05.13 07:05:50.092,2.11962,2.1202,1.75,1.00
2016.05.13 07:05:50.882,2.11962,2.1202,1.75,1.00
2016.05.13 07:05:51.220,2.11958,2.12013,1.75,1.00
2016.05.13 07:05:52.227,2.11958,2.12013,1.75,1.00
2016.05.13 07:05:53.580,2.11958,2.12013,1.50,1.00
2016.05.13 07:05:53.682,2.11958,2.12013,1.37,1.00
2016.05.13 07:05:54.020,2.11958,2.12013,1.75,1.00
2016.05.13 07:05:54.121,2.11958,2.12013,1.37,1.00
2016.05.13 07:05:54.223,2.11958,2.12013,1.37,1.00
2016.05.13 07:05:54.527,2.11958,2.12013,1.75,1.00
2016.05.13 07:05:55.047,2.11958,2.12013,1.37,1.00
2016.05.13 07:05:55.101,2.11958,2.12009,1.00,1.00
2016.05.13 07:05:55.152,2.11958,2.12013,1.00,1.00
2016.05.13 07:05:55.254,2.11958,2.12008,1.00,1.00
2016.05.13 07:05:55.305,2.11953,2.12008,1.37,1.00
2016.05.13 07:05:55.507,2.11952,2.12008,1.75,1.00
2016.05.13 07:05:55.911,2.11958,2.12009,1.37,1.00
2016.05.13 07:05:55.962,2.11963,2.12019,1.75,1.00
2016.05.13 07:05:56.480,2.11963,2.1202,1.75,1.00
2016.05.13 07:05:57.091,2.11969,2.12024,1.00,1.00
2016.05.13 07:05:57.142,2.11969,2.12019,1.37,1.00
2016.05.13 07:05:57.349,2.11969,2.12019,1.12,1.00
2016.05.13 07:05:57.450,2.11962,2.12008,1.75,1.00
2016.05.13 07:05:57.552,2.11962,2.12008,1.00,1.00
2016.05.13 07:05:57.654,2.11962,2.12018,1.37,1.00
2016.05.13 07:05:57.957,2.11962,2.12008,1.00,1.00
2016.05.13 07:05:58.359,2.11962,2.12018,1.00,1.50
2016.05.13 07:05:58.461,2.11962,2.12018,1.00,1.00
2016.05.13 07:05:58.663,2.11962,2.12009,1.00,1.00
2016.05.13 07:05:58.714,2.11958,2.12009,1.75,1.00
2016.05.13 07:05:59.324,2.11958,2.12008,1.37,1.00
2016.05.13 07:05:59.493,2.11958,2.12008,1.75,1.00
2016.05.13 07:05:59.698,2.11958,2.12008,1.12,1.00
2016.05.13 07:06:00.797,2.11953,2.12008,1.37,1.50
2016.05.13 07:06:01.781,2.11947,2.12004,1.37,1.12
2016.05.13 07:06:02.085,2.11943,2.11998,1.37,1.00
2016.05.13 07:06:02.454,2.11943,2.11998,1.00,1.37
2016.05.13 07:06:02.505,2.11943,2.11998,1.00,1.75
2016.05.13 07:06:02.555,2.11937,2.11994,1.37,1.00
2016.05.13 07:06:02.809,2.11938,2.11994,1.37,1.00
2016.05.13 07:06:05.198,2.11937,2.11994,1.75,1.00
2016.05.13 07:06:05.794,2.11944,2.11999,1.00,1.50
2016.05.13 07:06:05.996,2.1195,2.12007,1.12,1.00
2016.05.13 07:06:06.299,2.11955,2.12008,1.00,1.00
2016.05.13 07:06:06.872,2.11955,2.12012,1.00,1.75
2016.05.13 07:06:07.377,2.11955,2.12009,1.37,1.00
2016.05.13 07:06:07.579,2.11961,2.12016,1.00,1.37
2016.05.13 07:06:07.630,2.11961,2.12016,1.37,1.00
2016.05.13 07:06:07.892,2.11955,2.1201,1.00,1.00
2016.05.13 07:06:08.044,2.1195,2.11999,1.00,1.00
2016.05.13 07:06:08.145,2.1195,2.12005,1.00,1.37
2016.05.13 07:06:08.297,2.1195,2.12005,1.00,1.00
2016.05.13 07:06:09.041,2.11948,2.11998,1.37,1.00
2016.05.13 07:06:09.142,2.11948,2.12005,1.37,1.37
2016.05.13 07:06:09.244,2.11948,2.11999,1.37,1.00
2016.05.13 07:06:09.687,2.11943,2.11998,1.00,1.50
2016.05.13 07:06:09.941,2.11943,2.11998,1.00,1.37
2016.05.13 07:06:10.243,2.11943,2.12,1.00,1.50
2016.05.13 07:06:10.345,2.11943,2.12,1.00,1.75
2016.05.13 07:06:11.121,2.11933,2.11999,2.25,1.50
2016.05.13 07:06:11.172,2.11938,2.11988,1.12,1.00
2016.05.13 07:06:11.223,2.11933,2.11988,1.37,1.50
2016.05.13 07:06:11.324,2.11931,2.11988,1.50,1.00
2016.05.13 07:06:11.425,2.11931,2.11988,1.87,1.00
2016.05.13 07:06:11.476,2.11931,2.11988,1.50,1.12
2016.05.13 07:06:11.527,2.11931,2.11988,1.12,1.50
2016.05.13 07:06:11.844,2.11927,2.11982,1.37,1.00
2016.05.13 07:06:11.997,2.11927,2.11982,1.00,1.00
2016.05.13 07:06:13.117,2.11927,2.11982,1.37,1.12
2016.05.13 07:06:13.420,2.11927,2.11982,1.37,1.00
2016.05.13 07:06:13.723,2.11931,2.11988,1.75,1.00
2016.05.13 07:06:13.774,2.11936,2.11993,1.50,1.37
2016.05.13 07:06:13.825,2.11936,2.11993,1.50,1.00
2016.05.13 07:06:14.170,2.11942,2.11997,1.75,1.00
2016.05.13 07:06:14.625,2.11942,2.11997,1.75,1.00
2016.05.13 07:06:14.676,2.11942,2.11997,1.50,1.00
2016.05.13 07:06:14.777,2.11942,2.11997,1.12,1.00
2016.05.13 07:06:14.928,2.11942,2.11997,1.37,1.00
2016.05.13 07:06:15.477,2.11942,2.11997,1.37,1.12
2016.05.13 07:06:15.829,2.11942,2.11997,1.37,1.00
2016.05.13 07:06:16.037,2.11942,2.11997,1.75,1.00
2016.05.13 07:06:16.558,2.11942,2.11997,1.50,1.00
2016.05.13 07:06:17.934,2.11942,2.11997,1.12,1.37
2016.05.13 07:06:18.760,2.11942,2.11997,1.00,1.75
2016.05.13 07:06:19.239,2.11938,2.11993,1.37,1.37
2016.05.13 07:06:19.340,2.11938,2.11993,1.37,1.00
2016.05.13 07:06:19.442,2.11942,2.11999,1.12,1.75
2016.05.13 07:06:19.543,2.11942,2.11999,1.37,1.75
2016.05.13 07:06:19.645,2.11942,2.11999,1.50,1.37
2016.05.13 07:06:19.696,2.11942,2.11999,1.12,2.25
2016.05.13 07:06:19.746,2.11937,2.11994,1.75,1.00
2016.05.13 07:06:19.948,2.11943,2.11994,1.00,1.00
2016.05.13 07:06:20.093,2.11937,2.11994,1.75,1.00
2016.05.13 07:06:20.144,2.11944,2.11994,1.00,1.00
2016.05.13 07:06:20.745,2.11937,2.11994,1.75,1.00
2016.05.13 07:06:20.847,2.11943,2.11998,1.75,1.00
2016.05.13 07:06:21.151,2.11943,2.11998,1.75,1.00
2016.05.13 07:06:21.252,2.11943,2.11998,1.75,1.00
2016.05.13 07:06:21.455,2.11947,2.12004,1.75,1.12
2016.05.13 07:06:21.658,2.11947,2.12004,1.75,1.00
2016.05.13 07:06:21.966,2.11953,2.12007,1.75,1.00
2016.05.13 07:06:22.470,2.11953,2.12007,1.50,1.00
2016.05.13 07:06:22.521,2.11957,2.12012,1.00,1.50
2016.05.13 07:06:22.572,2.11957,2.12012,1.37,1.50
2016.05.13 07:06:22.673,2.11957,2.12008,1.37,1.00
2016.05.13 07:06:23.174,2.11957,2.12012,1.37,1.00
2016.05.13 07:06:23.581,2.11957,2.12012,1.50,1.12
2016.05.13 07:06:24.087,2.11957,2.12009,1.75,1.00
2016.05.13 07:06:24.872,2.11958,2.11999,1.00,1.00
2016.05.13 07:06:24.973,2.11957,2.12008,1.00,1.00
2016.05.13 07:06:25.175,2.11952,2.11998,1.75,1.00
2016.05.13 07:06:25.277,2.11952,2.11998,1.75,1.00
2016.05.13 07:06:25.378,2.11952,2.12007,1.50,1.00
2016.05.13 07:06:25.598,2.11952,2.12007,1.50,1.00
2016.05.13 07:06:26.002,2.11958,2.12013,1.37,1.37
2016.05.13 07:06:26.052,2.11965,2.12019,1.12,1.37
2016.05.13 07:06:26.204,2.11965,2.12018,1.50,1.00
2016.05.13 07:06:26.546,2.11965,2.1202,1.37,1.00
2016.05.13 07:06:26.596,2.11965,2.1202,1.37,1.00
2016.05.13 07:06:26.905,2.11965,2.12018,1.75,1.00
2016.05.13 07:06:27.126,2.11965,2.12019,1.12,1.12
2016.05.13 07:06:27.634,2.11965,2.12018,1.00,1.00
2016.05.13 07:06:27.685,2.11959,2.12016,1.75,1.00
2016.05.13 07:06:28.220,2.11965,2.12016,1.00,1.00
2016.05.13 07:06:28.523,2.11959,2.12016,1.75,1.00
2016.05.13 07:06:28.919,2.11959,2.12016,1.75,1.00
2016.05.13 07:06:29.020,2.11959,2.12016,1.75,1.00
2016.05.13 07:06:29.121,2.11959,2.12016,1.75,1.00
2016.05.13 07:06:29.223,2.11959,2.12016,1.75,1.00
2016.05.13 07:06:29.800,2.1196,2.12016,1.00,1.00
2016.05.13 07:06:30.030,2.11959,2.12016,1.75,1.00
2016.05.13 07:06:30.637,2.11959,2.12016,1.37,1.37
2016.05.13 07:06:30.946,2.11959,2.12016,1.00,1.75
2016.05.13 07:06:31.271,2.11952,2.12009,1.75,1.00
2016.05.13 07:06:31.776,2.11952,2.12009,1.75,1.00
2016.05.13 07:06:32.138,2.11958,2.12013,1.37,1.00
2016.05.13 07:06:33.631,2.11958,2.12013,1.50,1.00
2016.05.13 07:06:34.550,2.11958,2.12013,1.00,1.00
2016.05.13 07:06:34.651,2.11958,2.12013,1.00,1.37
2016.05.13 07:06:34.873,2.11972,2.12027,1.00,1.50
2016.05.13 07:06:35.509,2.11972,2.12027,1.00,1.37
2016.05.13 07:06:35.972,2.11981,2.12038,1.00,1.75
2016.05.13 07:06:36.103,2.11981,2.12038,1.12,1.75
2016.05.13 07:06:36.356,2.11981,2.12038,1.50,1.37
2016.05.13 07:06:36.660,2.11981,2.12038,1.00,1.75
2016.05.13 07:06:36.710,2.11976,2.12033,1.50,1.50
2016.05.13 07:06:36.761,2.11972,2.12027,1.75,1.00
2016.05.13 07:06:36.812,2.11976,2.12033,1.12,1.75
2016.05.13 07:06:36.863,2.11976,2.12033,1.00,1.50
2016.05.13 07:06:36.914,2.11971,2.12028,1.00,1.37
2016.05.13 07:06:37.281,2.11966,2.12023,1.87,1.00
2016.05.13 07:06:37.332,2.11966,2.12023,1.37,1.37
2016.05.13 07:06:37.534,2.11966,2.12023,1.37,1.50
2016.05.13 07:06:38.095,2.11966,2.12023,1.75,1.75
2016.05.13 07:06:38.298,2.11966,2.12023,1.37,1.75
2016.05.13 07:06:38.500,2.11966,2.12023,1.00,1.75
2016.05.13 07:06:38.652,2.11966,2.12023,1.00,1.75
2016.05.13 07:06:39.289,2.11966,2.12023,1.00,1.75
2016.05.13 07:06:40.157,2.11966,2.12023,1.00,1.75
2016.05.13 07:06:40.985,2.11966,2.12023,1.37,1.37
2016.05.13 07:06:41.086,2.11966,2.12023,1.50,1.12
2016.05.13 07:06:41.187,2.11968,2.12023,1.00,1.00
2016.05.13 07:06:42.605,2.11968,2.12026,1.00,1.75
2016.05.13 07:06:43.148,2.11968,2.12026,1.00,1.75
2016.05.13 07:06:43.199,2.11968,2.12026,1.00,1.75
2016.05.13 07:06:43.576,2.11968,2.12026,1.12,1.75
2016.05.13 07:06:44.298,2.11968,2.12026,1.37,1.50
2016.05.13 07:06:44.884,2.11968,2.12026,1.75,1.12
2016.05.13 07:06:45.245,2.11968,2.12026,1.37,1.75
2016.05.13 07:06:45.296,2.11968,2.12026,1.50,1.50
2016.05.13 07:06:45.397,2.11968,2.12026,1.75,1.00
2016.05.13 07:06:45.549,2.11974,2.12029,1.37,1.00
2016.05.13 07:06:46.082,2.11974,2.12029,1.37,1.12
2016.05.13 07:06:46.184,2.11974,2.12029,1.00,1.37
2016.05.13 07:06:46.487,2.11974,2.12029,1.00,1.75
2016.05.13 07:06:47.200,2.11968,2.12026,1.75,1.37
2016.05.13 07:06:47.402,2.11968,2.12026,1.50,1.75
2016.05.13 07:06:48.305,2.11968,2.12026,1.37,1.37
2016.05.13 07:06:48.407,2.11968,2.12026,1.12,1.75
2016.05.13 07:06:48.609,2.11968,2.12026,1.37,1.75
2016.05.13 07:06:49.091,2.11965,2.1202,1.50,1.00
2016.05.13 07:06:49.142,2.11965,2.1202,1.50,1.12
2016.05.13 07:06:49.647,2.11965,2.1202,1.37,1.00
2016.05.13 07:06:49.748,2.11965,2.1202,1.37,1.37
2016.05.13 07:06:49.799,2.11965,2.1202,1.00,1.50
2016.05.13 07:06:50.314,2.11965,2.1202,1.00,1.75
2016.05.13 07:06:50.710,2.11965,2.1202,1.37,1.12
2016.05.13 07:06:50.811,2.11965,2.1202,1.75,1.00
2016.05.13 07:06:50.912,2.11965,2.1202,1.50,1.00
2016.05.13 07:06:51.453,2.11965,2.1202,1.50,1.37
2016.05.13 07:06:51.756,2.11965,2.1202,1.50,1.12
2016.05.13 07:06:52.265,2.11965,2.1202,1.50,1.12
2016.05.13 07:06:52.785,2.11965,2.1202,1.12,1.37
2016.05.13 07:06:53.091,2.11965,2.1202,1.00,1.75
2016.05.13 07:06:53.620,2.11965,2.1202,1.00,1.75
2016.05.13 07:06:53.923,2.11959,2.12017,1.75,1.37
2016.05.13 07:06:54.025,2.11959,2.12017,1.75,1.37
2016.05.13 07:06:54.328,2.11959,2.12017,1.37,1.75
2016.05.13 07:06:54.544,2.11964,2.12021,1.50,1.12
2016.05.13 07:06:54.605,2.11964,2.12022,1.12,1.75
2016.05.13 07:06:54.908,2.11964,2.12022,1.00,1.75
2016.05.13 07:06:55.211,2.11964,2.12022,1.00,1.75
2016.05.13 07:06:55.740,2.11964,2.12022,1.00,1.75
2016.05.13 07:06:56.273,2.11964,2.12022,1.00,1.75
2016.05.13 07:06:56.374,2.11964,2.12022,1.00,1.75
2016.05.13 07:06:56.425,2.1196,2.12017,1.37,1.37
2016.05.13 07:06:56.731,2.1196,2.12017,1.37,1.00
2016.05.13 07:06:57.135,2.11963,2.12017,1.00,1.00
2016.05.13 07:06:57.689,2.1196,2.12017,1.75,1.37
2016.05.13 07:06:57.895,2.1196,2.12017,1.37,1.37
2016.05.13 07:06:58.097,2.1196,2.12017,1.75,1.00
2016.05.13 07:06:58.602,2.1196,2.12017,1.37,1.00
2016.05.13 07:06:59.629,2.1196,2.12017,1.75,1.00
2016.05.13 07:07:00.161,2.1196,2.12017,1.75,1.00
2016.05.13 07:07:00.532,2.11964,2.12017,1.00,1.00
2016.05.13 07:07:00.684,2.11972,2.12027,1.00,1.75
2016.05.13 07:07:00.736,2.11972,2.12027,1.00,1.50
2016.05.13 07:07:00.838,2.11967,2.12022,1.75,1.00
2016.05.13 07:07:00.940,2.11967,2.12022,1.00,1.50
2016.05.13 07:07:00.991,2.11967,2.12022,1.00,1.50
2016.05.13 07:07:01.311,2.11956,2.12014,1.37,1.75
2016.05.13 07:07:01.614,2.11952,2.12008,1.37,1.50
2016.05.13 07:07:01.867,2.11952,2.12008,1.00,1.75
2016.05.13 07:07:02.246,2.11952,2.12008,1.00,1.50
2016.05.13 07:07:02.753,2.11952,2.12008,1.00,1.75
2016.05.13 07:07:03.107,2.11947,2.12003,1.37,1.37
2016.05.13 07:07:03.609,2.11947,2.12003,1.75,1.00
2016.05.13 07:07:04.155,2.11947,2.12003,1.37,1.37
2016.05.13 07:07:04.656,2.11947,2.12003,1.50,1.37
2016.05.13 07:07:04.858,2.11947,2.12003,1.12,1.50
2016.05.13 07:07:04.959,2.11947,2.12003,1.12,1.00
2016.05.13 07:07:05.061,2.11947,2.12003,1.12,1.37
2016.05.13 07:07:05.363,2.11947,2.12003,1.12,1.37
2016.05.13 07:07:05.467,2.11947,2.12003,1.37,1.00
2016.05.13 07:07:05.771,2.11947,2.12003,1.75,1.00
2016.05.13 07:07:06.311,2.11947,2.12003,1.75,1.00
2016.05.13 07:07:06.813,2.11947,2.12003,1.75,1.00
2016.05.13 07:07:07.447,2.11947,2.12003,1.75,1.00
2016.05.13 07:07:07.548,2.11947,2.12003,1.37,1.00
2016.05.13 07:07:08.352,2.11948,2.12003,1.37,1.00
2016.05.13 07:07:08.655,2.11948,2.12003,1.75,1.00
2016.05.13 07:07:08.857,2.11948,2.12003,1.75,1.00
2016.05.13 07:07:09.470,2.11948,2.12003,1.75,1.00
2016.05.13 07:07:09.571,2.11948,2.12003,1.75,1.00
2016.05.13 07:07:09.673,2.11948,2.12003,1.50,1.12
2016.05.13 07:07:09.876,2.11948,2.12003,1.75,1.00
2016.05.13 07:07:10.188,2.11948,2.12003,1.50,1.12
2016.05.13 07:07:10.239,2.11948,2.12003,1.12,1.50
2016.05.13 07:07:10.543,2.11949,2.12003,1.12,1.00
2016.05.13 07:07:10.644,2.11957,2.12013,1.12,1.37
2016.05.13 07:07:10.745,2.11957,2.12013,1.37,1.00
2016.05.13 07:07:10.948,2.11957,2.12013,1.37,1.00
2016.05.13 07:07:11.173,2.11962,2.1202,1.75,1.00
2016.05.13 07:07:11.275,2.11962,2.1202,1.75,1.00
2016.05.13 07:07:11.326,2.11968,2.12023,1.37,1.00
2016.05.13 07:07:11.732,2.11973,2.12029,1.00,1.50
2016.05.13 07:07:11.884,2.11977,2.12035,1.87,1.00
2016.05.13 07:07:11.935,2.11982,2.1204,1.00,1.75
2016.05.13 07:07:12.240,2.11982,2.1204,1.12,1.75
2016.05.13 07:07:12.393,2.11982,2.12038,1.00,1.00
2016.05.13 07:07:12.696,2.11982,2.1204,1.12,1.50
2016.05.13 07:07:13.273,2.11988,2.12044,1.00,1.75
2016.05.13 07:07:13.683,2.11988,2.12044,1.00,1.75
2016.05.13 07:07:13.885,2.11988,2.12044,1.00,1.75
2016.05.13 07:07:14.138,2.11983,2.1204,1.00,1.75
2016.05.13 07:07:14.189,2.11983,2.1204,1.75,1.00
2016.05.13 07:07:14.992,2.11983,2.1204,1.75,1.12
2016.05.13 07:07:15.093,2.11985,2.1204,1.00,1.12
2016.05.13 07:07:15.194,2.11988,2.12042,1.00,1.00
2016.05.13 07:07:15.518,2.11988,2.12044,1.00,1.75
2016.05.13 07:07:16.044,2.11982,2.1204,1.75,1.00
2016.05.13 07:07:16.095,2.11982,2.1204,1.50,1.00
2016.05.13 07:07:16.600,2.11982,2.1204,1.12,1.00
2016.05.13 07:07:16.981,2.11982,2.1204,1.75,1.00
2016.05.13 07:07:17.399,2.11987,2.12042,1.37,1.00
2016.05.13 07:07:17.702,2.11987,2.12045,1.12,1.75
2016.05.13 07:07:18.068,2.11987,2.12045,1.00,1.75
2016.05.13 07:07:18.119,2.11987,2.12045,1.37,1.75
2016.05.13 07:07:18.271,2.11987,2.12045,1.12,1.75
2016.05.13 07:07:18.625,2.11987,2.12045,1.37,1.50
2016.05.13 07:07:18.726,2.11994,2.12049,1.00,1.75
2016.05.13 07:07:19.178,2.11994,2.12049,1.00,1.75
2016.05.13 07:07:19.230,2.11994,2.12049,1.00,1.75
2016.05.13 07:07:19.382,2.11994,2.12049,1.00,1.75
2016.05.13 07:07:19.483,2.11994,2.12049,1.12,1.50
2016.05.13 07:07:19.584,2.11999,2.12055,1.37,1.75
2016.05.13 07:07:19.686,2.11999,2.12055,1.75,1.12
2016.05.13 07:07:19.787,2.11999,2.12055,1.75,1.00
2016.05.13 07:07:20.141,2.12004,2.12062,1.37,1.50
2016.05.13 07:07:20.192,2.12014,2.1207,1.37,1.87
2016.05.13 07:07:20.263,2.12016,2.12071,1.00,1.87
2016.05.13 07:07:20.314,2.12014,2.12072,1.75,1.00
2016.05.13 07:07:20.415,2.12019,2.12077,1.37,1.37
2016.05.13 07:07:20.920,2.12019,2.12077,1.75,1.12
2016.05.13 07:07:21.021,2.12019,2.12077,1.50,1.37
2016.05.13 07:07:21.544,2.12019,2.12077,1.00,1.75
2016.05.13 07:07:21.847,2.1203,2.12085,1.00,1.75
2016.05.13 07:07:21.898,2.1203,2.12085,1.00,1.75
2016.05.13 07:07:22.000,2.12034,2.12083,1.00,1.00
2016.05.13 07:07:22.836,2.12034,2.1209,1.00,1.75
2016.05.13 07:07:23.140,2.12034,2.12085,1.00,1.00
2016.05.13 07:07:23.716,2.12028,2.12084,1.50,1.00
2016.05.13 07:07:24.225,2.12028,2.12084,1.50,1.37
2016.05.13 07:07:24.330,2.12028,2.12084,1.00,1.37
2016.05.13 07:07:24.686,2.12023,2.1208,1.37,1.12
2016.05.13 07:07:25.322,2.12023,2.1208,1.12,1.00
2016.05.13 07:07:25.827,2.12022,2.12074,1.12,1.00
2016.05.13 07:07:26.029,2.12018,2.12074,1.87,1.50
2016.05.13 07:07:26.080,2.12026,2.12082,1.00,1.37
2016.05.13 07:07:26.131,2.12026,2.12082,1.12,1.12
2016.05.13 07:07:26.218,2.12026,2.12082,1.37,1.00
2016.05.13 07:07:26.319,2.12026,2.12082,1.75,1.00
2016.05.13 07:07:26.622,2.12022,2.12077,1.12,1.00
2016.05.13 07:07:26.926,2.12015,2.12071,1.75,1.00
2016.05.13 07:07:27.027,2.12015,2.12071,1.75,1.00
2016.05.13 07:07:27.129,2.12015,2.12071,1.75,1.00
2016.05.13 07:07:27.653,2.12015,2.12071,1.75,1.00
2016.05.13 07:07:28.275,2.12015,2.12071,1.75,1.00
2016.05.13 07:07:28.492,2.12015,2.12071,1.75,1.00
2016.05.13 07:07:28.745,2.12015,2.12071,1.75,1.00
2016.05.13 07:07:28.897,2.12015,2.12071,1.00,1.50
2016.05.13 07:07:28.998,2.12015,2.12071,1.00,1.12
2016.05.13 07:07:29.049,2.12009,2.12067,1.75,1.00
2016.05.13 07:07:29.555,2.12009,2.12067,1.75,1.00
2016.05.13 07:07:30.074,2.12009,2.12067,1.75,1.00
2016.05.13 07:07:30.433,2.12009,2.12067,1.75,1.00
2016.05.13 07:07:30.635,2.12013,2.12067,1.00,1.37
2016.05.13 07:07:31.166,2.12009,2.12067,1.75,1.00
2016.05.13 07:07:31.736,2.12009,2.12067,1.50,1.12
2016.05.13 07:07:31.837,2.12009,2.12067,1.12,1.12
2016.05.13 07:07:31.938,2.12009,2.12067,1.37,1.37
2016.05.13 07:07:33.279,2.12009,2.12067,1.75,1.37
2016.05.13 07:07:33.608,2.12009,2.12067,1.00,1.75
2016.05.13 07:07:33.962,2.12009,2.12067,1.37,1.75
2016.05.13 07:07:34.265,2.12008,2.12063,1.50,1.37
2016.05.13 07:07:34.784,2.12008,2.12063,1.00,1.50
2016.05.13 07:07:35.184,2.12008,2.12063,1.00,1.50
2016.05.13 07:07:35.386,2.12008,2.12061,1.12,1.00
2016.05.13 07:07:35.487,2.12008,2.12063,1.37,1.12
2016.05.13 07:07:35.894,2.12008,2.12063,1.75,1.37
2016.05.13 07:07:35.997,2.12008,2.12063,1.50,1.37
2016.05.13 07:07:36.098,2.12008,2.12063,1.37,1.50
2016.05.13 07:07:36.706,2.12013,2.12069,1.00,1.75
2016.05.13 07:07:36.757,2.12013,2.12069,1.00,1.75
2016.05.13 07:07:37.268,2.12013,2.12069,1.00,1.50
2016.05.13 07:07:40.581,2.12013,2.12069,1.00,1.50
2016.05.13 07:07:40.682,2.12013,2.12069,1.00,1.75
2016.05.13 07:07:40.784,2.12013,2.12069,1.00,1.50
2016.05.13 07:07:41.524,2.12025,2.12078,1.00,1.75
2016.05.13 07:07:41.625,2.12025,2.1208,1.00,1.50
2016.05.13 07:07:41.935,2.12029,2.12085,1.37,1.37
2016.05.13 07:07:42.491,2.12029,2.12085,1.00,1.37
2016.05.13 07:07:42.794,2.12029,2.12085,1.00,1.75
2016.05.13 07:07:43.693,2.12029,2.12085,1.00,1.75
2016.05.13 07:07:44.369,2.12029,2.12085,1.00,1.75
2016.05.13 07:07:44.424,2.12029,2.12083,1.37,1.00
2016.05.13 07:07:44.796,2.12029,2.12085,1.37,1.00
2016.05.13 07:07:45.331,2.12029,2.12085,1.75,1.00
2016.05.13 07:07:45.876,2.12029,2.12085,1.75,1.00
2016.05.13 07:07:46.948,2.12028,2.12084,1.75,1.00
2016.05.13 07:07:47.570,2.12031,2.12092,1.37,1.75
2016.05.13 07:07:47.874,2.12023,2.12071,1.12,1.00
2016.05.13 07:07:48.177,2.12005,2.12056,1.12,1.00
2016.05.13 07:07:48.228,2.12002,2.12056,1.50,1.37
2016.05.13 07:07:48.279,2.12002,2.12056,1.50,1.37
2016.05.13 07:07:48.804,2.12002,2.12056,1.00,1.50
2016.05.13 07:07:48.955,2.12002,2.12056,1.00,1.50
2016.05.13 07:07:49.157,2.12002,2.12056,1.00,1.12
2016.05.13 07:07:49.331,2.11999,2.12053,1.00,1.00
2016.05.13 07:07:49.736,2.11996,2.12053,1.75,1.00
2016.05.13 07:07:49.837,2.11996,2.12053,1.75,1.00
2016.05.13 07:07:49.888,2.11996,2.12053,1.37,1.00
2016.05.13 07:07:50.498,2.12006,2.1206,1.00,1.75
2016.05.13 07:07:50.549,2.12006,2.1206,1.00,1.75
2016.05.13 07:07:50.599,2.12015,2.12072,1.00,1.75
2016.05.13 07:07:50.701,2.1202,2.12077,1.00,2.25
2016.05.13 07:07:50.751,2.1202,2.12077,1.37,1.87
2016.05.13 07:07:50.802,2.1202,2.12077,1.37,1.00
2016.05.13 07:07:50.853,2.12025,2.12077,1.12,1.00
2016.05.13 07:07:51.261,2.12025,2.12077,1.50,1.00
2016.05.13 07:07:51.864,2.12025,2.12077,1.00,1.37
2016.05.13 07:07:51.965,2.12016,2.1207,1.00,1.12
2016.05.13 07:07:52.016,2.12016,2.12065,1.00,1.00
2016.05.13 07:07:52.333,2.1201,2.12064,1.75,1.00
2016.05.13 07:07:52.384,2.1201,2.12064,1.75,1.00
2016.05.13 07:07:52.435,2.1201,2.12064,1.50,1.37
2016.05.13 07:07:52.486,2.1201,2.12064,1.12,1.50
2016.05.13 07:07:52.537,2.1201,2.12064,1.37,1.50
2016.05.13 07:07:52.994,2.1201,2.12064,1.37,1.12
2016.05.13 07:07:53.517,2.1201,2.12064,1.00,1.37
2016.05.13 07:07:54.024,2.1201,2.12064,1.37,1.00
2016.05.13 07:07:54.459,2.1201,2.12064,1.50,1.00
2016.05.13 07:07:54.560,2.12015,2.12069,1.37,1.00
2016.05.13 07:07:54.661,2.12018,2.12069,1.00,1.00
2016.05.13 07:07:54.763,2.1202,2.12074,1.37,1.00
2016.05.13 07:07:54.914,2.1202,2.12074,1.37,1.00
2016.05.13 07:07:55.436,2.1202,2.12074,1.12,1.00
2016.05.13 07:07:55.488,2.12015,2.1207,1.50,1.00
2016.05.13 07:07:55.641,2.12015,2.1207,1.00,1.00
2016.05.13 07:07:55.893,2.12015,2.1207,1.50,1.00
2016.05.13 07:07:56.197,2.12015,2.1207,1.75,1.00
2016.05.13 07:07:56.248,2.12023,2.12078,1.12,1.00
2016.05.13 07:07:56.382,2.12023,2.12078,1.75,1.00
2016.05.13 07:07:56.533,2.12028,2.12082,1.00,1.00
2016.05.13 07:07:56.960,2.12028,2.12082,1.37,1.00
2016.05.13 07:07:57.263,2.12028,2.12082,1.75,1.00
2016.05.13 07:07:57.314,2.12041,2.12098,1.00,1.75
2016.05.13 07:07:57.364,2.12041,2.12098,1.37,1.37
2016.05.13 07:07:57.442,2.12041,2.12098,2.25,1.00
2016.05.13 07:07:57.594,2.12053,2.12109,1.00,1.75
2016.05.13 07:07:57.897,2.1206,2.12116,1.75,1.00
2016.05.13 07:07:58.201,2.1206,2.12116,1.50,1.00
2016.05.13 07:07:58.302,2.12056,2.12111,1.50,1.00
2016.05.13 07:07:58.789,2.12056,2.12111,1.87,1.00
2016.05.13 07:07:59.200,2.12064,2.12118,1.00,1.50
2016.05.13 07:07:59.250,2.12059,2.12114,1.37,1.00
2016.05.13 07:07:59.346,2.12059,2.12114,1.75,1.00
2016.05.13 07:07:59.498,2.12064,2.12121,1.75,1.00
2016.05.13 07:08:00.003,2.12064,2.12121,1.75,1.12
2016.05.13 07:08:00.380,2.12064,2.12121,1.75,1.12
2016.05.13 07:08:00.482,2.12064,2.12121,1.50,1.00
2016.05.13 07:08:00.987,2.12064,2.12121,1.75,1.37
2016.05.13 07:08:01.381,2.12067,2.12121,1.00,1.37
2016.05.13 07:08:01.498,2.12064,2.12121,1.75,1.37
2016.05.13 07:08:01.599,2.12064,2.12121,1.75,1.50
2016.05.13 07:08:02.086,2.12066,2.12121,1.37,1.12
2016.05.13 07:08:02.908,2.12069,2.12125,1.00,1.50
2016.05.13 07:08:03.211,2.12074,2.12129,1.00,1.87
2016.05.13 07:08:03.514,2.12074,2.12129,1.00,1.75
2016.05.13 07:08:04.094,2.12074,2.12129,1.00,1.75
2016.05.13 07:08:04.145,2.1207,2.12124,1.50,1.37
2016.05.13 07:08:04.196,2.1207,2.12124,1.00,1.37
2016.05.13 07:08:04.499,2.1207,2.12124,1.00,1.75
2016.05.13 07:08:05.045,2.1207,2.12124,1.00,1.75
2016.05.13 07:08:05.543,2.1207,2.12124,1.00,1.75
2016.05.13 07:08:05.900,2.1207,2.12124,1.00,1.75
2016.05.13 07:08:06.001,2.12067,2.12125,1.00,1.75
2016.05.13 07:08:06.103,2.12067,2.1212,1.12,1.12
2016.05.13 07:08:06.312,2.12066,2.1212,1.75,1.00
2016.05.13 07:08:06.616,2.12066,2.1211,1.75,1.00
2016.05.13 07:08:06.717,2.12056,2.1211,2.25,1.00
2016.05.13 07:08:06.818,2.12059,2.12116,1.50,1.12
2016.05.13 07:08:06.920,2.12059,2.12116,1.75,1.00
2016.05.13 07:08:07.021,2.12065,2.12119,1.75,1.00
2016.05.13 07:08:07.954,2.12067,2.12119,1.50,1.00
2016.05.13 07:08:08.257,2.12066,2.12119,1.12,1.00
2016.05.13 07:08:08.805,2.12067,2.12119,1.00,1.00
2016.05.13 07:08:09.308,2.12066,2.12119,1.12,1.00
2016.05.13 07:08:09.459,2.12065,2.12119,1.00,1.75
2016.05.13 07:08:10.563,2.12065,2.12119,1.00,1.75
2016.05.13 07:08:11.070,2.12065,2.12119,1.00,1.75
2016.05.13 07:08:11.373,2.12065,2.12119,1.00,1.75
2016.05.13 07:08:11.714,2.12061,2.12115,1.00,1.75
2016.05.13 07:08:11.765,2.12061,2.12115,1.00,1.75
2016.05.13 07:08:11.866,2.12055,2.12111,1.37,1.75
2016.05.13 07:08:12.755,2.12051,2.12106,1.75,1.50
2016.05.13 07:08:13.327,2.1205,2.12106,2.25,1.37
2016.05.13 07:08:13.426,2.1205,2.12106,2.25,1.37
2016.05.13 07:08:13.928,2.12051,2.12106,1.37,1.75
2016.05.13 07:08:14.231,2.12051,2.12106,1.00,1.75
2016.05.13 07:08:14.434,2.12051,2.12106,1.50,1.12
2016.05.13 07:08:14.969,2.12051,2.12106,1.37,1.37
2016.05.13 07:08:15.374,2.1205,2.12106,1.87,1.00
2016.05.13 07:08:15.877,2.1205,2.12106,2.25,1.00
2016.05.13 07:08:16.577,2.12051,2.12106,1.75,1.00
2016.05.13 07:08:17.027,2.12054,2.12108,1.50,1.12
2016.05.13 07:08:17.171,2.12054,2.12108,1.12,1.37
2016.05.13 07:08:17.578,2.12054,2.12108,1.37,1.00
2016.05.13 07:08:18.081,2.12054,2.12108,1.50,1.00
2016.05.13 07:08:18.409,2.12058,2.12113,1.00,1.75
2016.05.13 07:08:18.712,2.12054,2.1211,1.50,1.37
2016.05.13 07:08:19.235,2.12054,2.1211,1.00,1.37
2016.05.13 07:08:20.187,2.12054,2.1211,1.37,1.37
2016.05.13 07:08:20.490,2.12065,2.12119,1.00,1.75
2016.05.13 07:08:20.809,2.12068,2.12125,1.00,1.75
2016.05.13 07:08:20.961,2.12068,2.12125,1.00,1.75
2016.05.13 07:08:21.013,2.12068,2.12125,1.37,1.75
2016.05.13 07:08:21.064,2.12068,2.12125,1.75,1.37
2016.05.13 07:08:21.115,2.12074,2.12128,1.00,1.37
2016.05.13 07:08:21.790,2.12074,2.12128,1.00,1.75
2016.05.13 07:08:22.195,2.12074,2.12128,1.37,1.37
2016.05.13 07:08:22.500,2.12078,2.12133,2.25,1.50
2016.05.13 07:08:22.551,2.12078,2.12133,2.25,1.37
2016.05.13 07:08:22.602,2.12084,2.12138,1.12,1.12
2016.05.13 07:08:22.703,2.12084,2.12138,1.00,1.37
2016.05.13 07:08:23.048,2.1208,2.12133,1.00,1.37
2016.05.13 07:08:23.099,2.1208,2.12133,1.00,1.37
2016.05.13 07:08:23.608,2.12079,2.12133,1.00,1.75
2016.05.13 07:08:24.235,2.12079,2.12133,1.00,1.75
2016.05.13 07:08:24.336,2.12075,2.12129,1.50,1.00
2016.05.13 07:08:24.488,2.12079,2.12135,1.00,1.75
2016.05.13 07:08:24.792,2.12079,2.12135,1.00,1.75
2016.05.13 07:08:25.521,2.12079,2.12135,1.00,1.75
2016.05.13 07:08:26.255,2.12079,2.12135,1.00,1.75
2016.05.13 07:08:26.703,2.12079,2.12135,1.00,1.75
2016.05.13 07:08:28.108,2.12079,2.12135,1.37,1.75
2016.05.13 07:08:28.223,2.1208,2.12135,1.12,1.75
2016.05.13 07:08:28.475,2.12087,2.12141,1.00,1.75
2016.05.13 07:08:28.526,2.12087,2.12141,1.00,1.75
2016.05.13 07:08:28.628,2.12092,2.12147,1.00,1.12
2016.05.13 07:08:28.679,2.12092,2.12147,1.00,1.12
2016.05.13 07:08:28.780,2.12092,2.12147,1.00,1.12
2016.05.13 07:08:28.911,2.12094,2.12147,1.00,1.12
2016.05.13 07:08:29.422,2.12094,2.12147,1.00,1.12
2016.05.13 07:08:29.815,2.12094,2.12147,1.00,1.12
2016.05.13 07:08:30.018,2.12093,2.12147,1.00,1.12
2016.05.13 07:08:30.119,2.12099,2.12153,1.00,1.75
2016.05.13 07:08:30.455,2.12099,2.12153,1.00,1.75
2016.05.13 07:08:30.556,2.12105,2.12158,1.00,1.87
2016.05.13 07:08:30.728,2.12105,2.12159,1.00,1.75
2016.05.13 07:08:30.829,2.12109,2.12165,1.00,1.75
2016.05.13 07:08:31.375,2.12109,2.12165,1.00,1.75
2016.05.13 07:08:31.426,2.12109,2.12158,1.00,1.00
2016.05.13 07:08:31.527,2.12109,2.12165,1.00,1.75
2016.05.13 07:08:31.713,2.12109,2.12165,1.00,1.75
2016.05.13 07:08:32.129,2.12109,2.12165,1.00,1.75
2016.05.13 07:08:32.735,2.12109,2.12165,1.00,1.75
2016.05.13 07:08:33.628,2.12104,2.1216,1.00,1.75
2016.05.13 07:08:33.679,2.12099,2.12155,1.00,1.50
2016.05.13 07:08:33.982,2.12104,2.1216,1.00,1.75
2016.05.13 07:08:34.084,2.12104,2.1216,1.00,1.75
2016.05.13 07:08:34.602,2.12104,2.1216,1.00,1.75
2016.05.13 07:08:34.653,2.121,2.12153,1.00,1.75
2016.05.13 07:08:34.703,2.121,2.12153,1.00,1.75
2016.05.13 07:08:35.007,2.12104,2.12158,1.00,1.87
2016.05.13 07:08:35.108,2.12104,2.12158,1.00,1.50
2016.05.13 07:08:35.209,2.12104,2.12158,1.00,1.75
2016.05.13 07:08:35.756,2.12104,2.12158,1.00,1.75
2016.05.13 07:08:36.858,2.12113,2.12166,1.00,1.12
2016.05.13 07:08:36.909,2.12113,2.12167,1.00,1.87
2016.05.13 07:08:36.959,2.12118,2.12167,1.00,1.75
2016.05.13 07:08:37.010,2.12118,2.12174,1.00,1.75
2016.05.13 07:08:37.112,2.12118,2.12174,1.12,1.50
2016.05.13 07:08:37.314,2.12123,2.12179,1.00,1.75
2016.05.13 07:08:37.365,2.12123,2.12174,1.00,1.00
2016.05.13 07:08:37.416,2.12134,2.12183,1.00,1.75
2016.05.13 07:08:37.517,2.12134,2.12187,1.00,1.87
2016.05.13 07:08:37.669,2.12127,2.12182,1.75,1.00
2016.05.13 07:08:37.720,2.12127,2.12182,1.50,1.37
2016.05.13 07:08:37.771,2.12132,2.12187,1.00,1.12
2016.05.13 07:08:37.822,2.12132,2.12188,1.00,1.75
2016.05.13 07:08:37.923,2.12138,2.12192,1.00,1.75
2016.05.13 07:08:37.999,2.12138,2.12192,1.00,1.75
2016.05.13 07:08:38.504,2.12138,2.12192,1.00,1.75
2016.05.13 07:08:38.807,2.12138,2.12192,1.00,1.75
2016.05.13 07:08:38.908,2.12142,2.12198,1.00,1.87
2016.05.13 07:08:39.437,2.12142,2.12198,1.00,1.75
2016.05.13 07:08:39.488,2.12142,2.12194,1.00,1.00
2016.05.13 07:08:39.893,2.1215,2.12203,1.00,1.75
2016.05.13 07:08:40.394,2.1215,2.12203,1.00,1.75
2016.05.13 07:08:40.999,2.1215,2.12203,1.00,1.75
2016.05.13 07:08:41.151,2.12138,2.12187,1.75,1.00
2016.05.13 07:08:41.202,2.12138,2.12195,1.00,1.75
2016.05.13 07:08:41.505,2.12125,2.12181,1.37,1.87
2016.05.13 07:08:41.902,2.1212,2.12176,1.50,1.75
2016.05.13 07:08:41.953,2.12115,2.1217,1.00,1.75
2016.05.13 07:08:42.004,2.12115,2.1217,1.00,1.75
2016.05.13 07:08:42.549,2.12115,2.1217,1.00,1.75
2016.05.13 07:08:44.110,2.12115,2.1217,1.00,1.75
2016.05.13 07:08:44.211,2.12115,2.1217,1.00,1.75
2016.05.13 07:08:44.652,2.12115,2.1217,1.00,1.75
2016.05.13 07:08:44.956,2.12115,2.1217,1.00,1.75
2016.05.13 07:08:45.611,2.12115,2.1217,1.00,1.75
2016.05.13 07:08:46.360,2.12115,2.1217,1.00,1.75
2016.05.13 07:08:46.410,2.12107,2.12162,1.87,1.00
2016.05.13 07:08:46.461,2.12107,2.12163,1.00,1.75
2016.05.13 07:08:46.562,2.12101,2.12155,1.00,1.12
2016.05.13 07:08:46.613,2.12101,2.12155,1.00,1.75
2016.05.13 07:08:46.830,2.12094,2.1215,1.00,1.75
2016.05.13 07:08:47.133,2.12094,2.12146,1.00,1.00
2016.05.13 07:08:47.939,2.12094,2.1215,1.00,1.75
2016.05.13 07:08:48.311,2.1209,2.12144,1.12,1.37
2016.05.13 07:08:48.362,2.1209,2.12139,1.00,1.00
2016.05.13 07:08:48.665,2.12095,2.12148,1.00,1.12
2016.05.13 07:08:48.716,2.12098,2.12154,1.00,1.75
2016.05.13 07:08:49.249,2.12098,2.12154,1.00,1.75
2016.05.13 07:08:50.267,2.12098,2.12154,1.12,1.75
2016.05.13 07:08:50.369,2.12098,2.12154,1.37,1.37
2016.05.13 07:08:50.711,2.12117,2.12172,1.37,1.50
2016.05.13 07:08:50.762,2.12117,2.12172,1.50,1.12
2016.05.13 07:08:50.864,2.12117,2.12172,1.12,1.37
2016.05.13 07:08:51.167,2.12121,2.12172,1.00,1.75
2016.05.13 07:08:51.438,2.12117,2.12172,1.00,1.75
2016.05.13 07:08:51.866,2.12117,2.12172,1.00,1.75
2016.05.13 07:08:51.997,2.12117,2.12164,1.00,1.00
2016.05.13 07:08:52.048,2.12112,2.12165,1.00,1.75
2016.05.13 07:08:52.149,2.12106,2.1216,1.00,1.75
2016.05.13 07:08:52.250,2.12106,2.1216,1.00,1.75
2016.05.13 07:08:52.301,2.12116,2.12166,1.00,1.12
2016.05.13 07:08:52.352,2.12111,2.12166,1.00,2.62
2016.05.13 07:08:52.453,2.12111,2.12166,1.00,2.62
2016.05.13 07:08:52.554,2.12111,2.12166,1.00,1.50
2016.05.13 07:08:52.756,2.12107,2.12161,1.00,1.75
2016.05.13 07:08:53.029,2.12102,2.12155,1.00,1.75
2016.05.13 07:08:53.383,2.12102,2.12155,1.00,1.00
2016.05.13 07:08:53.637,2.12101,2.12151,1.00,1.00
2016.05.13 07:08:53.689,2.12096,2.12151,1.75,1.00
2016.05.13 07:08:53.740,2.12096,2.12151,1.12,1.37
2016.05.13 07:08:53.841,2.12096,2.12151,1.00,1.50
2016.05.13 07:08:53.943,2.12096,2.12151,1.00,1.75
2016.05.13 07:08:54.142,2.12096,2.12151,1.00,1.75
2016.05.13 07:08:54.294,2.12092,2.12145,1.37,1.00
2016.05.13 07:08:54.749,2.12096,2.1215,1.00,1.75
2016.05.13 07:08:55.051,2.12102,2.1215,1.00,1.00
2016.05.13 07:08:55.391,2.12096,2.1215,1.00,1.00
2016.05.13 07:08:55.543,2.12091,2.12146,1.50,1.00
2016.05.13 07:08:55.594,2.12086,2.12142,1.37,1.12
2016.05.13 07:08:55.645,2.12086,2.12142,1.00,1.12
2016.05.13 07:08:55.696,2.12086,2.12142,1.00,1.37
2016.05.13 07:08:56.000,2.12089,2.12144,1.00,1.50
2016.05.13 07:08:56.452,2.12089,2.12144,1.75,1.00
2016.05.13 07:08:56.856,2.12089,2.12144,1.50,1.00
2016.05.13 07:08:57.058,2.12095,2.12148,1.12,1.00
2016.05.13 07:08:57.891,2.12095,2.12148,1.00,1.37
2016.05.13 07:08:57.993,2.12095,2.12148,1.00,1.75
2016.05.13 07:08:58.409,2.12095,2.12148,1.00,1.75
2016.05.13 07:08:58.460,2.1209,2.12143,1.00,1.37
2016.05.13 07:08:58.511,2.1209,2.12143,1.00,1.37
2016.05.13 07:08:58.562,2.12085,2.12139,1.00,1.37
2016.05.13 07:08:59.020,2.12085,2.12139,1.00,1.50
2016.05.13 07:08:59.554,2.12085,2.12139,1.00,1.75
2016.05.13 07:09:00.105,2.12085,2.12139,1.00,1.75
2016.05.13 07:09:00.500,2.12085,2.12139,1.00,1.75
2016.05.13 07:09:00.607,2.1208,2.12134,1.00,1.37
2016.05.13 07:09:00.659,2.12075,2.1213,1.12,1.37
2016.05.13 07:09:00.710,2.12075,2.1213,1.50,1.12
2016.05.13 07:09:01.164,2.12079,2.12135,1.00,1.75
2016.05.13 07:09:01.981,2.12081,2.12135,1.00,1.75
2016.05.13 07:09:02.162,2.12079,2.12135,1.00,1.75
2016.05.13 07:09:02.664,2.12079,2.12135,1.37,1.50
2016.05.13 07:09:03.816,2.12079,2.12135,1.37,1.12
2016.05.13 07:09:03.917,2.12079,2.12135,1.75,1.00
2016.05.13 07:09:05.213,2.12079,2.12135,1.75,1.00
2016.05.13 07:09:05.365,2.12084,2.12139,1.37,1.00
2016.05.13 07:09:06.022,2.12084,2.12139,1.50,1.00
2016.05.13 07:09:06.072,2.12089,2.12144,1.00,1.50
2016.05.13 07:09:06.375,2.12089,2.12144,1.50,1.00
2016.05.13 07:09:06.825,2.12089,2.12144,1.12,1.37
2016.05.13 07:09:06.975,2.12086,2.12139,1.00,1.37
2016.05.13 07:09:07.027,2.12085,2.12139,1.75,1.00
2016.05.13 07:09:07.698,2.1209,2.12143,1.37,1.37
2016.05.13 07:09:08.278,2.1209,2.12143,1.37,1.12
2016.05.13 07:09:08.771,2.12092,2.12143,1.50,1.00
2016.05.13 07:09:08.872,2.1209,2.12143,1.50,1.00
2016.05.13 07:09:08.923,2.12095,2.12147,1.00,1.00
2016.05.13 07:09:10.350,2.12089,2.12143,1.75,1.00
2016.05.13 07:09:10.800,2.12095,2.12146,1.00,1.12
2016.05.13 07:09:11.726,2.1209,2.12144,1.75,1.00
2016.05.13 07:09:11.827,2.1209,2.12144,1.00,1.50
2016.05.13 07:09:11.878,2.1209,2.12144,1.37,1.00
2016.05.13 07:09:12.181,2.12096,2.12147,1.00,1.00
2016.05.13 07:09:13.560,2.12096,2.12147,1.00,1.37
2016.05.13 07:09:14.165,2.12096,2.12147,1.00,1.00
2016.05.13 07:09:16.301,2.12096,2.12147,1.00,1.37
2016.05.13 07:09:16.671,2.12099,2.12151,1.00,1.00
2016.05.13 07:09:16.722,2.12103,2.12156,1.00,1.75
2016.05.13 07:09:16.824,2.12103,2.12156,1.12,1.37
2016.05.13 07:09:16.925,2.12106,2.1216,1.00,1.75
2016.05.13 07:09:17.076,2.12106,2.1216,1.00,1.75
2016.05.13 07:09:17.178,2.12103,2.12155,1.00,1.37
2016.05.13 07:09:17.229,2.12103,2.12155,1.00,1.75
2016.05.13 07:09:17.532,2.12099,2.1215,1.37,1.37
2016.05.13 07:09:17.840,2.12094,2.12148,1.37,1.75
2016.05.13 07:09:17.891,2.12094,2.12144,1.37,1.00
2016.05.13 07:09:18.194,2.1209,2.12142,1.37,1.75
2016.05.13 07:09:18.498,2.1209,2.12142,1.37,1.00
2016.05.13 07:09:18.599,2.1209,2.12142,1.00,1.00
2016.05.13 07:09:18.976,2.1209,2.12142,1.50,1.00
2016.05.13 07:09:19.078,2.1209,2.12142,1.12,1.00
2016.05.13 07:09:20.083,2.1209,2.12142,1.00,1.37
2016.05.13 07:09:20.185,2.12085,2.12137,1.00,1.00
2016.05.13 07:09:20.286,2.12085,2.12137,1.00,1.37
2016.05.13 07:09:20.438,2.12085,2.12137,1.00,1.12
2016.05.13 07:09:20.690,2.12085,2.12137,1.00,1.37
2016.05.13 07:09:20.893,2.12085,2.12137,1.00,1.50
2016.05.13 07:09:21.420,2.12085,2.12137,1.00,1.75
2016.05.13 07:09:21.723,2.12085,2.12137,1.00,1.75
2016.05.13 07:09:22.398,2.12085,2.12137,1.00,1.75
2016.05.13 07:09:22.651,2.1208,2.12134,1.00,1.50
2016.05.13 07:09:22.803,2.1208,2.12134,1.00,1.12
2016.05.13 07:09:23.206,2.1208,2.12134,1.00,1.37
2016.05.13 07:09:23.754,2.1208,2.12134,1.00,1.37
2016.05.13 07:09:24.057,2.12082,2.12134,1.12,1.00
2016.05.13 07:09:24.407,2.12084,2.12138,1.37,1.00
2016.05.13 07:09:25.135,2.12084,2.12138,1.87,1.00
2016.05.13 07:09:25.642,2.12084,2.12138,1.75,1.37
2016.05.13 07:09:26.298,2.12084,2.12138,1.37,1.12
2016.05.13 07:09:27.746,2.12086,2.12138,1.12,1.00
2016.05.13 07:09:27.797,2.1209,2.12144,1.12,1.37
2016.05.13 07:09:27.848,2.12096,2.12148,1.00,1.75
2016.05.13 07:09:28.014,2.12099,2.1215,1.00,1.00
2016.05.13 07:09:28.115,2.12099,2.12152,1.00,1.00
2016.05.13 07:09:28.216,2.12099,2.12153,1.00,1.50
2016.05.13 07:09:28.318,2.12099,2.12153,1.37,1.50
2016.05.13 07:09:28.469,2.12105,2.12157,1.00,1.75
2016.05.13 07:09:28.520,2.121,2.12152,1.00,1.37
2016.05.13 07:09:28.773,2.121,2.12152,1.00,1.50
2016.05.13 07:09:29.361,2.121,2.12152,1.37,1.00
2016.05.13 07:09:29.868,2.121,2.12152,1.00,1.12
2016.05.13 07:09:30.133,2.12096,2.12148,1.50,1.00
2016.05.13 07:09:30.184,2.12096,2.12148,1.12,1.00
2016.05.13 07:09:30.437,2.12096,2.12148,1.00,1.37
2016.05.13 07:09:30.690,2.12091,2.12144,1.37,1.37
2016.05.13 07:09:30.741,2.12091,2.12144,1.00,1.75
2016.05.13 07:09:31.257,2.12087,2.12141,1.50,1.00
2016.05.13 07:09:31.408,2.12091,2.12145,1.37,1.12
2016.05.13 07:09:31.560,2.12091,2.12145,1.12,1.37
2016.05.13 07:09:31.662,2.12087,2.12141,1.12,1.37
2016.05.13 07:09:31.938,2.12094,2.12147,1.00,1.75
2016.05.13 07:09:32.033,2.12094,2.12147,1.00,1.75
2016.05.13 07:09:32.084,2.12094,2.12147,1.75,1.12
2016.05.13 07:09:32.538,2.12094,2.12147,1.50,1.37
2016.05.13 07:09:32.640,2.12094,2.12147,1.00,1.50
2016.05.13 07:09:33.232,2.12094,2.12147,1.12,1.12
2016.05.13 07:09:33.385,2.12094,2.12147,1.75,1.00
2016.05.13 07:09:33.688,2.12094,2.12147,1.00,1.75
2016.05.13 07:09:34.486,2.12094,2.12147,1.00,1.75
2016.05.13 07:09:35.091,2.12094,2.12147,1.00,1.75
2016.05.13 07:09:35.600,2.12094,2.12147,1.00,1.75
2016.05.13 07:09:36.089,2.12094,2.12147,1.00,1.75
2016.05.13 07:09:36.266,2.12094,2.12147,1.50,1.37
2016.05.13 07:09:36.368,2.12094,2.12147,1.37,1.50
2016.05.13 07:09:36.469,2.12094,2.12147,1.37,1.50
2016.05.13 07:09:36.772,2.12094,2.12147,1.00,1.75
2016.05.13 07:09:37.081,2.12093,2.12145,1.12,1.37
2016.05.13 07:09:37.905,2.12093,2.12145,1.00,1.50
2016.05.13 07:09:38.208,2.12093,2.12145,1.00,1.75
2016.05.13 07:09:38.345,2.12083,2.12135,1.50,1.00
2016.05.13 07:09:38.432,2.12081,2.1213,1.12,1.00
2016.05.13 07:09:38.483,2.12076,2.1213,1.75,1.37
2016.05.13 07:09:38.585,2.12076,2.1213,1.00,1.50
2016.05.13 07:09:38.989,2.12076,2.1213,1.75,1.00
2016.05.13 07:09:39.249,2.12082,2.12134,1.37,1.00
2016.05.13 07:09:39.299,2.12082,2.12134,1.75,1.00
2016.05.13 07:09:39.696,2.12082,2.12134,1.75,1.00
2016.05.13 07:09:39.798,2.12082,2.12134,1.75,1.00
2016.05.13 07:09:39.899,2.12082,2.12134,1.12,1.37
2016.05.13 07:09:40.405,2.12082,2.12134,1.37,1.00
2016.05.13 07:09:40.657,2.1208,2.12134,1.50,1.37
2016.05.13 07:09:40.910,2.12076,2.12128,1.12,1.12
2016.05.13 07:09:41.012,2.12076,2.12128,1.00,1.50
2016.05.13 07:09:41.416,2.12076,2.12128,1.00,1.12
2016.05.13 07:09:41.517,2.12076,2.12128,1.37,1.12
2016.05.13 07:09:41.937,2.12076,2.12128,1.75,1.00
2016.05.13 07:09:41.988,2.1208,2.12132,1.37,1.37
2016.05.13 07:09:42.303,2.1208,2.12132,1.00,1.12
2016.05.13 07:09:42.822,2.1208,2.12132,1.12,1.37
2016.05.13 07:09:43.024,2.12075,2.12129,1.00,1.75
2016.05.13 07:09:43.126,2.12075,2.12129,1.00,1.37
2016.05.13 07:09:43.598,2.12079,2.12133,1.00,1.75
2016.05.13 07:09:43.808,2.12079,2.1213,1.00,1.00
2016.05.13 07:09:44.010,2.12079,2.12133,1.00,1.75
2016.05.13 07:09:44.732,2.12075,2.12129,1.00,1.75
2016.05.13 07:09:45.251,2.12075,2.12129,1.00,1.75
2016.05.13 07:09:45.554,2.12075,2.12129,1.00,1.75
2016.05.13 07:09:46.101,2.12075,2.12129,1.00,1.37
2016.05.13 07:09:46.152,2.12075,2.12129,1.37,1.37
2016.05.13 07:09:46.203,2.12075,2.12129,1.75,1.37
2016.05.13 07:09:46.455,2.12083,2.12137,1.75,1.00
2016.05.13 07:09:46.557,2.12083,2.12137,1.37,1.50
2016.05.13 07:09:46.831,2.12083,2.12137,1.37,1.00
2016.05.13 07:09:47.355,2.12083,2.12137,1.50,1.50
2016.05.13 07:09:47.517,2.12083,2.12137,1.50,1.00
2016.05.13 07:09:47.845,2.12083,2.12137,1.75,1.00
2016.05.13 07:09:47.897,2.12089,2.12141,1.12,1.37
2016.05.13 07:09:48.425,2.12089,2.12141,1.00,1.37
2016.05.13 07:09:48.710,2.12089,2.12141,1.75,1.00
2016.05.13 07:09:48.861,2.12089,2.12141,1.50,1.12
2016.05.13 07:09:48.980,2.12084,2.12136,1.75,1.00
2016.05.13 07:09:49.031,2.12084,2.12136,1.12,1.00
2016.05.13 07:09:49.670,2.12084,2.12136,1.37,1.00
2016.05.13 07:09:49.771,2.12084,2.12136,1.12,1.00
2016.05.13 07:09:49.928,2.12084,2.12136,1.37,1.00
2016.05.13 07:09:50.429,2.12084,2.12136,1.50,1.00
2016.05.13 07:09:50.581,2.12084,2.12136,1.50,1.00
2016.05.13 07:09:51.089,2.12084,2.12136,1.37,1.00
2016.05.13 07:09:51.255,2.12084,2.12136,1.12,1.37
2016.05.13 07:09:51.669,2.12084,2.12136,1.37,1.00
2016.05.13 07:09:51.771,2.12084,2.12136,1.00,1.12
2016.05.13 07:09:52.944,2.12084,2.12136,1.00,1.50
2016.05.13 07:09:52.995,2.12084,2.12136,1.00,1.75
2016.05.13 07:09:53.496,2.12084,2.12136,1.00,1.75
2016.05.13 07:09:53.690,2.12084,2.12134,1.00,1.00
2016.05.13 07:09:54.524,2.12083,2.12136,1.00,1.50
