2013.04.21 21:00:47.431,1.81295,1.81375,1.00,1.00
2013.04.21 21:00:48.856,1.81286,1.81364,1.00,1.00
2013.04.21 21:00:49.439,1.81316,1.81384,1.00,1.00
2013.04.21 21:00:49.629,1.81285,1.81365,1.00,1.00
2013.04.21 21:01:20.920,1.81275,1.81345,1.00,1.00
2013.04.21 21:01:26.420,1.81256,1.81314,1.00,1.00
2013.04.21 21:01:30.325,1.81245,1.81315,1.00,1.00
2013.04.21 21:01:31.096,1.81266,1.81344,1.00,1.00
2013.04.21 21:01:31.651,1.81275,1.81355,1.00,1.00
2013.04.21 21:01:31.890,1.81265,1.81315,1.00,1.00
2013.04.21 21:01:32.213,1.81256,1.81304,1.00,1.00
2013.04.21 21:01:32.305,1.81265,1.81315,1.00,1.00
2013.04.21 21:01:32.530,1.81256,1.81304,1.00,1.00
2013.04.21 21:01:32.890,1.81245,1.81295,1.00,1.00
2013.04.21 21:01:34.419,1.81265,1.81345,1.00,1.00
2013.04.21 21:01:38.576,1.81275,1.81345,0.75,0.75
2013.04.21 21:01:44.850,1.81266,1.81324,0.75,0.75
2013.04.21 21:01:47.930,1.81275,1.81335,0.75,0.75
2013.04.21 21:01:49.140,1.81255,1.81315,0.75,0.75
2013.04.21 21:01:52.690,1.81266,1.81324,0.75,0.75
2013.04.21 21:01:56.535,1.81255,1.81325,0.75,0.75
2013.04.21 21:02:01.220,1.81266,1.81334,0.75,0.75
2013.04.21 21:02:15.920,1.81275,1.81345,0.75,0.75
2013.04.21 21:02:19.340,1.81285,1.81365,0.75,0.75
2013.04.21 21:02:22.410,1.81306,1.81374,0.75,0.75
2013.04.21 21:02:28.900,1.81326,1.81404,0.75,0.75
2013.04.21 21:02:42.339,1.81326,1.81394,0.75,0.75
2013.04.21 21:03:10.091,1.81326,1.81384,0.75,0.75
2013.04.21 21:03:30.890,1.81286,1.81364,1.00,1.00
2013.04.21 21:04:06.420,1.81286,1.81354,1.00,1.00
2013.04.21 21:04:11.600,1.81285,1.81365,1.00,1.00
2013.04.21 21:04:12.543,1.81295,1.81375,1.00,1.00
2013.04.21 21:04:13.317,1.81286,1.81364,1.00,1.00
2013.04.21 21:05:00.506,1.81276,1.81354,1.00,1.00
2013.04.21 21:05:01.062,1.81275,1.81355,1.00,1.00
2013.04.21 21:05:15.731,1.81266,1.81344,1.00,1.00
2013.04.21 21:05:16.021,1.81275,1.81355,1.00,1.00
2013.04.21 21:05:16.140,1.81286,1.81364,1.00,1.00
2013.04.21 21:05:18.987,1.81276,1.81354,1.00,1.00
2013.04.21 21:05:19.098,1.81295,1.81425,1.00,1.00
2013.04.21 21:05:19.210,1.81305,1.81435,1.00,1.00
2013.04.21 21:05:23.275,1.81296,1.81424,1.00,1.00
2013.04.21 21:05:30.991,1.81276,1.81404,1.00,1.00
2013.04.21 21:05:31.292,1.81296,1.81424,1.00,1.00
2013.04.21 21:05:32.296,1.81285,1.81415,1.00,1.00
2013.04.21 21:05:32.406,1.81296,1.81424,1.00,1.00
2013.04.21 21:05:32.522,1.81285,1.81415,1.00,1.00
2013.04.21 21:05:34.055,1.81295,1.81425,1.00,1.00
2013.04.21 21:05:35.266,1.81316,1.81444,1.00,1.00
2013.04.21 21:05:35.646,1.81296,1.81424,1.00,1.00
2013.04.21 21:05:39.830,1.81276,1.81404,1.00,1.00
2013.04.21 21:05:40.170,1.81296,1.81424,1.00,1.00
2013.04.21 21:05:41.771,1.81285,1.81415,1.00,1.00
2013.04.21 21:05:43.076,1.81296,1.81424,1.00,1.00
2013.04.21 21:05:44.507,1.81316,1.81444,1.00,1.00
2013.04.21 21:05:44.840,1.81296,1.81424,1.00,1.00
2013.04.21 21:05:54.185,1.81218,1.81415,1.13,0.75
2013.04.21 21:05:58.031,1.81218,1.81354,1.13,0.75
2013.04.21 21:05:58.842,1.81217,1.81418,1.19,1.13
2013.04.21 21:05:59.061,1.81217,1.81414,1.22,0.75
2013.04.21 21:06:03.316,1.81217,1.81404,1.22,0.75
2013.04.21 21:06:03.734,1.81217,1.81384,1.22,0.75
2013.04.21 21:06:10.281,1.81217,1.81414,1.22,0.75
2013.04.21 21:06:15.093,1.81217,1.81505,1.22,1.21
2013.04.21 21:06:24.081,1.81217,1.81404,1.22,0.75
2013.04.21 21:06:24.581,1.81218,1.81385,1.31,0.75
2013.04.21 21:06:24.801,1.81218,1.81482,1.31,1.05
2013.04.21 21:06:33.852,1.81218,1.81384,1.31,0.75
2013.04.21 21:06:34.341,1.81218,1.8147,1.34,1.12
2013.04.21 21:06:41.431,1.81236,1.81464,1.58,1.73
2013.04.21 21:07:10.097,1.81236,1.81464,1.58,1.58
2013.04.21 21:07:11.411,1.81236,1.81464,1.58,1.58
2013.04.21 21:07:11.528,1.81236,1.81464,1.58,1.58
2013.04.21 21:07:12.841,1.81236,1.81464,1.58,1.58
2013.04.21 21:07:14.605,1.81229,1.8145,1.58,1.58
2013.04.21 21:07:15.408,1.81229,1.8145,1.58,1.58
2013.04.21 21:07:17.245,1.81229,1.8145,1.58,1.58
2013.04.21 21:07:17.362,1.81229,1.8145,1.58,1.58
2013.04.21 21:07:24.064,1.81229,1.8145,1.58,1.58
2013.04.21 21:07:24.831,1.81218,1.81473,1.07,1.73
2013.04.21 21:07:24.943,1.81218,1.81473,1.07,1.73
2013.04.21 21:07:27.621,1.81229,1.8145,1.58,1.58
2013.04.21 21:07:30.891,1.81238,1.8144,1.58,1.58
2013.04.21 21:07:31.322,1.81254,1.81425,1.58,1.58
2013.04.21 21:07:37.591,1.81254,1.81425,1.58,1.58
2013.04.21 21:07:39.684,1.81262,1.81429,1.58,1.58
2013.04.21 21:07:41.151,1.81262,1.81334,1.58,0.75
2013.04.21 21:07:42.986,1.81218,1.81376,1.20,1.58
2013.04.21 21:07:43.090,1.81218,1.81376,1.20,1.58
2013.04.21 21:07:43.607,1.81218,1.81387,1.20,1.18
2013.04.21 21:07:43.681,1.81254,1.81425,1.58,1.58
2013.04.21 21:08:22.914,1.81254,1.81425,1.58,1.58
2013.04.21 21:08:26.874,1.81254,1.81425,1.50,1.58
2013.04.21 21:08:40.871,1.81253,1.81426,1.58,1.58
2013.04.21 21:08:46.560,1.81242,1.81415,1.58,1.58
2013.04.21 21:08:54.391,1.81253,1.81436,1.58,2.00
2013.04.21 21:08:54.611,1.81253,1.81436,1.58,2.00
2013.04.21 21:08:54.924,1.81253,1.81436,1.58,1.48
2013.04.21 21:08:55.041,1.81253,1.81436,1.58,1.48
2013.04.21 21:08:55.806,1.81253,1.81436,1.58,1.48
2013.04.21 21:08:56.680,1.81254,1.81435,1.58,1.75
2013.04.21 21:09:00.345,1.81254,1.81425,1.58,1.43
2013.04.21 21:09:00.561,1.81254,1.81425,1.58,1.43
2013.04.21 21:09:00.811,1.81254,1.81425,1.58,1.43
2013.04.21 21:09:01.263,1.81254,1.81425,1.58,1.58
2013.04.21 21:09:09.791,1.81254,1.81425,1.58,1.58
2013.04.21 21:09:11.101,1.81259,1.81434,1.58,1.58
2013.04.21 21:09:11.161,1.81279,1.81449,1.58,1.58
2013.04.21 21:09:16.045,1.8128,1.81448,1.58,1.58
2013.04.21 21:09:20.351,1.81274,1.81448,1.58,1.58
2013.04.21 21:09:20.553,1.81274,1.81448,1.58,1.58
2013.04.21 21:09:24.179,1.81274,1.81448,1.58,1.58
2013.04.21 21:09:24.294,1.81274,1.81448,1.58,1.58
2013.04.21 21:09:25.652,1.8128,1.81448,1.58,1.58
2013.04.21 21:09:25.962,1.8128,1.81448,1.58,1.58
2013.04.21 21:09:26.494,1.8128,1.81448,1.58,1.58
2013.04.21 21:09:27.303,1.8128,1.81448,1.58,1.58
2013.04.21 21:09:27.374,1.8128,1.81448,1.58,1.58
2013.04.21 21:09:30.124,1.8128,1.81448,1.58,1.58
2013.04.21 21:09:30.591,1.81274,1.81448,1.58,1.58
2013.04.21 21:09:30.895,1.81274,1.81448,1.58,1.58
2013.04.21 21:09:31.282,1.81274,1.81448,1.58,1.58
2013.04.21 21:09:31.341,1.81274,1.81448,1.58,1.58
2013.04.21 21:09:34.853,1.81274,1.81448,1.58,1.58
2013.04.21 21:09:35.092,1.81274,1.81448,1.58,1.58
2013.04.21 21:09:36.833,1.81274,1.81448,1.58,1.58
2013.04.21 21:09:39.033,1.81274,1.81448,1.58,1.58
2013.04.21 21:09:40.023,1.81274,1.81448,1.58,1.58
2013.04.21 21:09:41.811,1.81279,1.81449,1.58,1.58
2013.04.21 21:09:46.411,1.81279,1.81449,1.58,1.58
2013.04.21 21:09:48.838,1.8126,1.81427,1.08,1.58
2013.04.21 21:09:49.091,1.8128,1.81448,1.58,1.58
2013.04.21 21:09:49.451,1.81279,1.81449,1.58,1.58
2013.04.21 21:09:52.229,1.81279,1.81449,1.58,1.58
2013.04.21 21:10:16.592,1.81279,1.81449,1.58,1.58
2013.04.21 21:10:18.741,1.81286,1.81454,1.58,1.58
2013.04.21 21:10:18.851,1.81286,1.81454,1.58,1.58
2013.04.21 21:10:45.363,1.81288,1.81458,1.73,1.58
2013.04.21 21:10:45.747,1.81288,1.81458,1.73,1.58
2013.04.21 21:10:47.341,1.81288,1.81458,1.73,1.58
2013.04.21 21:10:47.893,1.81288,1.81458,1.73,1.58
2013.04.21 21:10:58.122,1.81288,1.81458,1.73,1.58
2013.04.21 21:10:58.233,1.81288,1.81458,1.73,1.58
2013.04.21 21:11:00.833,1.81288,1.81458,1.73,1.58
2013.04.21 21:11:02.151,1.81288,1.81458,1.73,1.58
2013.04.21 21:11:05.112,1.81288,1.81458,1.73,1.58
2013.04.21 21:11:16.987,1.81288,1.81458,1.73,1.58
2013.04.21 21:11:44.103,1.81288,1.81458,1.73,1.58
2013.04.21 21:12:05.497,1.81288,1.81458,1.73,1.58
2013.04.21 21:12:18.036,1.81288,1.81458,1.73,1.58
2013.04.21 21:12:43.559,1.81298,1.81462,1.20,1.58
2013.04.21 21:12:50.402,1.81286,1.81435,1.13,1.58
2013.04.21 21:13:50.457,1.81258,1.81445,1.90,1.82
2013.04.21 21:14:46.595,1.81268,1.81435,1.58,1.58
2013.04.21 21:14:49.442,1.81268,1.81435,1.58,1.58
2013.04.21 21:14:54.570,1.81268,1.81435,1.58,1.58
2013.04.21 21:14:54.832,1.81268,1.81435,1.58,1.58
2013.04.21 21:14:59.844,1.81268,1.81344,1.58,0.75
2013.04.21 21:15:01.463,1.8122,1.81382,1.22,1.58
2013.04.21 21:15:01.734,1.8122,1.81382,1.22,1.58
2013.04.21 21:15:02.065,1.8122,1.81382,1.22,1.58
2013.04.21 21:15:12.442,1.8122,1.81382,1.22,1.58
2013.04.21 21:15:14.872,1.8122,1.81382,1.22,1.58
2013.04.21 21:15:15.052,1.8122,1.81397,2.10,3.14
2013.04.21 21:15:15.172,1.81253,1.81415,1.58,1.14
2013.04.21 21:15:15.232,1.81253,1.81426,1.58,1.58
2013.04.21 21:15:35.069,1.81253,1.81426,1.58,1.58
2013.04.21 21:15:48.598,1.81253,1.81426,1.58,1.58
2013.04.21 21:15:53.988,1.81253,1.81426,1.58,1.58
2013.04.21 21:16:08.287,1.81253,1.81426,1.58,1.58
2013.04.21 21:16:08.396,1.81253,1.81426,1.58,1.58
2013.04.21 21:16:20.500,1.81256,1.81427,1.58,1.58
2013.04.21 21:16:20.752,1.81254,1.81425,1.58,1.58
2013.04.21 21:16:37.923,1.81275,1.81447,1.58,1.58
2013.04.21 21:16:41.632,1.81275,1.81447,1.58,1.58
2013.04.21 21:16:47.443,1.81285,1.81458,1.58,1.58
2013.04.21 21:16:49.144,1.81285,1.81458,1.58,1.58
2013.04.21 21:16:51.292,1.81285,1.81458,1.58,1.58
2013.04.21 21:17:15.404,1.81385,1.81468,0.75,2.31
2013.04.21 21:17:15.462,1.81349,1.81512,1.29,1.58
2013.04.21 21:17:17.382,1.8134,1.81512,1.37,1.58
2013.04.21 21:17:17.502,1.81296,1.81469,1.58,1.58
2013.04.21 21:17:18.354,1.81296,1.81469,1.58,1.58
2013.04.21 21:17:18.893,1.81296,1.81469,1.58,1.58
2013.04.21 21:17:19.127,1.81296,1.81469,1.58,1.58
2013.04.21 21:17:24.332,1.81263,1.81459,1.58,1.58
2013.04.21 21:17:25.396,1.81261,1.8144,1.58,1.58
2013.04.21 21:17:31.342,1.81261,1.8144,1.58,1.58
2013.04.21 21:17:45.082,1.81261,1.8144,1.58,1.58
2013.04.21 21:17:49.041,1.81254,1.81425,1.58,1.58
2013.04.21 21:17:55.113,1.81227,1.8143,1.73,1.58
2013.04.21 21:18:04.881,1.81238,1.8144,1.58,1.58
2013.04.21 21:18:59.343,1.81248,1.81452,1.58,1.58
2013.04.21 21:18:59.664,1.8127,1.81474,1.73,1.58
2013.04.21 21:19:00.324,1.8127,1.81474,1.73,1.58
2013.04.21 21:19:02.226,1.8127,1.81474,1.73,1.58
2013.04.21 21:19:16.301,1.8127,1.81474,1.73,1.58
2013.04.21 21:19:17.840,1.81248,1.81452,1.58,1.58
2013.04.21 21:20:18.205,1.81231,1.8146,2.97,2.23
2013.04.21 21:20:37.593,1.81241,1.8145,1.58,1.58
2013.04.21 21:20:37.943,1.81251,1.81451,1.58,1.58
2013.04.21 21:20:39.073,1.81251,1.81451,1.58,1.58
2013.04.21 21:21:06.113,1.81251,1.81451,1.58,1.58
2013.04.21 21:22:06.789,1.81241,1.81461,2.07,2.81
2013.04.21 21:24:06.962,1.81251,1.81451,1.58,1.58
2013.04.21 21:24:07.616,1.81251,1.81451,1.58,1.58
2013.04.21 21:24:15.134,1.81241,1.8145,1.58,1.58
2013.04.21 21:25:07.345,1.81241,1.8145,1.58,1.58
2013.04.21 21:26:07.494,1.81247,1.81465,2.73,2.81
2013.04.21 21:27:12.914,1.81235,1.81434,1.73,1.58
2013.04.21 21:27:14.306,1.81235,1.81434,1.73,1.58
2013.04.21 21:27:23.634,1.81219,1.81428,1.58,1.58
2013.04.21 21:27:26.823,1.81296,1.81406,0.75,1.58
2013.04.21 21:27:31.124,1.81244,1.81422,1.17,1.73
2013.04.21 21:27:31.374,1.81268,1.81421,1.31,1.73
2013.04.21 21:27:37.383,1.81243,1.81421,1.05,1.73
2013.04.21 21:27:48.823,1.81244,1.81444,1.73,1.58
2013.04.21 21:28:49.213,1.81218,1.81437,3.29,2.40
2013.04.21 21:29:16.834,1.81228,1.81423,1.58,1.23
2013.04.21 21:30:02.957,1.81186,1.81383,1.58,1.58
2013.04.21 21:30:15.560,1.81186,1.81383,1.58,1.58
2013.04.21 21:30:28.704,1.81185,1.81384,1.58,1.58
2013.04.21 21:30:34.056,1.81185,1.81384,1.58,1.58
2013.04.21 21:31:34.116,1.81153,1.81372,2.96,2.55
2013.04.21 21:31:59.675,1.81245,1.81362,0.75,1.58
2013.04.21 21:32:59.718,1.81175,1.81394,2.56,2.48
2013.04.21 21:33:55.137,1.81185,1.81384,1.58,1.58
2013.04.21 21:34:55.279,1.81154,1.81371,3.14,2.96
2013.04.21 21:36:04.605,1.81164,1.81361,1.58,1.58
2013.04.21 21:36:26.055,1.81153,1.81351,1.58,1.58
2013.04.21 21:36:26.724,1.81106,1.81358,0.75,1.13
2013.04.21 21:36:26.844,1.81126,1.81358,0.75,1.13
2013.04.21 21:36:30.109,1.80908,1.81388,1.26,1.35
2013.04.21 21:36:32.325,1.81201,1.81358,0.75,1.15
2013.04.21 21:36:34.855,1.81142,1.81359,1.23,1.22
2013.04.21 21:37:20.864,1.81142,1.81359,1.23,1.22
2013.04.21 21:37:30.874,1.81142,1.81359,1.23,1.22
2013.04.21 21:38:03.923,1.81143,1.81336,1.07,1.23
2013.04.21 21:38:48.613,1.81143,1.81336,1.07,1.23
2013.04.21 21:38:52.792,1.81143,1.81336,1.07,1.23
2013.04.21 21:38:53.364,1.81143,1.81336,1.07,1.23
2013.04.21 21:39:53.659,1.81122,1.81401,1.04,1.24
2013.04.21 21:41:30.845,1.81245,1.81381,0.75,1.26
2013.04.21 21:41:55.846,1.81189,1.81362,1.20,1.58
2013.04.21 21:42:33.106,1.81255,1.81348,0.75,1.20
2013.04.21 21:42:42.675,1.81179,1.81348,1.07,1.20
2013.04.21 21:42:43.233,1.8119,1.81348,1.05,1.20
2013.04.21 21:42:43.306,1.8119,1.81348,1.05,1.20
2013.04.21 21:42:44.100,1.8119,1.81348,1.05,1.20
2013.04.21 21:42:44.770,1.8119,1.81348,1.05,1.20
2013.04.21 21:42:45.447,1.8119,1.81348,1.05,1.20
2013.04.21 21:42:50.039,1.8119,1.8136,1.05,1.20
2013.04.21 21:43:46.474,1.81178,1.81354,1.20,1.20
2013.04.21 21:43:59.449,1.81178,1.81356,1.20,1.20
2013.04.21 21:44:03.786,1.81178,1.81356,1.20,1.20
2013.04.21 21:44:04.190,1.81178,1.81356,1.20,1.20
2013.04.21 21:45:04.291,1.81186,1.81374,1.05,1.16
2013.04.21 21:45:26.516,1.81186,1.81376,1.05,1.43
2013.04.21 21:45:51.867,1.81188,1.81367,1.35,1.58
2013.04.21 21:46:14.676,1.81182,1.81357,1.35,1.58
2013.04.21 21:46:15.856,1.81182,1.81357,1.35,1.58
2013.04.21 21:46:26.346,1.81182,1.81346,1.20,1.58
2013.04.21 21:47:26.335,1.81164,1.81364,1.05,1.28
2013.04.21 21:47:27.203,1.81164,1.81355,1.05,1.28
2013.04.21 21:47:27.258,1.81161,1.81355,1.05,1.73
2013.04.21 21:47:31.356,1.81164,1.81351,1.35,1.20
2013.04.21 21:47:40.926,1.81164,1.81349,1.35,1.58
2013.04.21 21:47:51.396,1.8118,1.81355,1.20,1.58
2013.04.21 21:47:52.355,1.8118,1.81349,1.20,1.58
2013.04.21 21:47:55.105,1.81161,1.81338,1.35,1.58
2013.04.21 21:47:57.866,1.81161,1.81333,1.35,1.58
2013.04.21 21:47:59.086,1.81161,1.81327,1.35,1.58
2013.04.21 21:48:58.799,1.81173,1.8135,1.20,1.58
2013.04.21 21:48:58.936,1.81173,1.8135,1.20,1.58
2013.04.21 21:49:45.906,1.81245,1.81347,0.75,1.20
2013.04.21 21:49:46.900,1.81163,1.81347,1.73,1.20
2013.04.21 21:49:48.843,1.81256,1.81336,0.75,1.20
2013.04.21 21:49:50.416,1.81191,1.8135,1.23,1.58
2013.04.21 21:49:52.033,1.81255,1.8135,0.75,1.58
2013.04.21 21:49:55.561,1.81202,1.81353,1.05,1.20
2013.04.21 21:49:57.313,1.81167,1.81351,1.20,1.58
2013.04.21 21:49:59.073,1.81265,1.81353,0.75,1.20
2013.04.21 21:50:05.166,1.81215,1.81353,1.16,1.20
2013.04.21 21:50:08.136,1.81265,1.81353,0.75,1.20
2013.04.21 21:50:51.542,1.81214,1.81366,1.11,1.35
2013.04.21 21:50:56.052,1.81277,1.81355,0.75,2.48
2013.04.21 21:50:56.216,1.81283,1.81355,0.75,1.58
2013.04.21 21:50:56.812,1.81226,1.81372,1.17,1.20
2013.04.21 21:50:56.928,1.81226,1.81372,1.17,1.20
2013.04.21 21:50:57.047,1.81166,1.81352,1.20,1.20
2013.04.21 21:51:00.387,1.81266,1.81352,0.75,1.20
2013.04.21 21:51:04.072,1.81226,1.81376,1.14,1.20
2013.04.21 21:51:04.246,1.81189,1.81361,1.20,1.58
2013.04.21 21:51:05.282,1.81256,1.81356,0.75,1.20
2013.04.21 21:51:16.646,1.8119,1.81356,1.34,1.20
2013.04.21 21:51:24.126,1.81226,1.81379,1.22,1.20
2013.04.21 21:51:56.761,1.81191,1.81363,1.10,1.20
2013.04.21 21:52:00.616,1.81285,1.81363,0.75,1.20
2013.04.21 21:52:06.689,1.812,1.81382,1.73,1.35
2013.04.21 21:53:06.744,1.81181,1.8138,1.56,1.73
2013.04.21 21:53:28.933,1.81181,1.8138,1.56,1.73
2013.04.21 21:53:32.427,1.81192,1.81383,1.05,1.43
2013.04.21 21:53:50.834,1.81196,1.8138,1.35,1.58
2013.04.21 21:53:52.814,1.81199,1.8138,1.35,1.58
2013.04.21 21:54:00.886,1.81285,1.8138,0.75,1.58
2013.04.21 21:54:04.187,1.81227,1.8138,1.13,1.58
2013.04.21 21:54:06.387,1.81199,1.8138,1.35,1.58
2013.04.21 21:54:10.337,1.81199,1.81374,1.35,1.58
2013.04.21 21:54:16.197,1.81239,1.81386,1.31,1.43
2013.04.21 21:54:16.257,1.81246,1.8139,1.73,1.05
2013.04.21 21:54:16.437,1.81246,1.8143,1.73,1.28
2013.04.21 21:54:16.617,1.81239,1.8143,1.13,1.28
2013.04.21 21:54:17.679,1.81239,1.8143,1.13,1.28
2013.04.21 21:54:18.338,1.81239,1.8143,1.13,1.28
2013.04.21 21:54:18.824,1.81221,1.81415,1.20,1.28
2013.04.21 21:54:19.956,1.81201,1.81413,1.20,1.28
2013.04.21 21:54:20.869,1.81201,1.8139,1.20,1.20
2013.04.21 21:54:26.540,1.81199,1.81385,1.35,1.20
2013.04.21 21:54:26.905,1.81295,1.81375,0.75,1.65
2013.04.21 21:54:31.478,1.81227,1.81375,1.28,1.20
2013.04.21 21:54:32.178,1.81227,1.81389,1.28,1.20
2013.04.21 21:55:02.888,1.81227,1.81379,1.28,1.20
2013.04.21 21:55:03.490,1.81191,1.81364,1.28,1.20
2013.04.21 21:55:06.078,1.81295,1.81375,0.75,1.65
2013.04.21 21:55:07.770,1.81227,1.81375,1.31,1.20
2013.04.21 21:55:07.827,1.81227,1.8138,1.31,1.20
2013.04.21 21:55:24.697,1.81226,1.8138,1.29,1.20
2013.04.21 21:55:35.779,1.81226,1.8138,1.29,1.20
2013.04.21 21:55:39.307,1.81226,1.8138,1.29,1.20
2013.04.21 21:55:49.318,1.81226,1.81379,1.29,1.20
2013.04.21 21:55:49.641,1.81226,1.81387,1.29,1.20
2013.04.21 21:56:07.357,1.81226,1.8139,1.29,1.20
2013.04.21 21:56:07.544,1.81226,1.8139,1.29,1.20
2013.04.21 21:56:08.241,1.81226,1.8139,1.29,1.20
2013.04.21 21:56:10.295,1.81226,1.8139,1.29,1.20
2013.04.21 21:56:11.063,1.81226,1.8139,1.29,1.20
2013.04.21 21:56:20.633,1.81226,1.8139,1.29,1.20
2013.04.21 21:56:20.958,1.81226,1.8139,1.29,1.20
2013.04.21 21:56:21.291,1.81226,1.8139,1.29,1.20
2013.04.21 21:56:21.838,1.81226,1.8139,1.29,1.20
2013.04.21 21:56:25.357,1.81226,1.8139,1.29,1.20
2013.04.21 21:56:26.023,1.81202,1.81388,1.20,1.58
2013.04.21 21:56:26.133,1.81202,1.81388,1.20,1.58
2013.04.21 21:56:27.898,1.81286,1.81366,0.75,1.20
2013.04.21 21:56:31.090,1.81238,1.81385,1.16,1.20
2013.04.21 21:56:31.558,1.81191,1.81364,1.16,1.20
2013.04.21 21:56:33.827,1.81191,1.81364,1.16,1.20
2013.04.21 21:56:35.484,1.81191,1.81364,1.16,1.20
2013.04.21 21:56:35.819,1.81191,1.81364,1.16,1.20
2013.04.21 21:56:42.301,1.81197,1.81383,1.35,1.20
2013.04.21 21:56:43.731,1.81191,1.81367,1.16,1.20
2013.04.21 21:56:46.037,1.81191,1.81367,1.16,1.20
2013.04.21 21:56:59.787,1.81191,1.81367,1.29,1.20
2013.04.21 21:57:16.648,1.81233,1.81379,1.07,1.58
2013.04.21 21:57:52.031,1.81191,1.81367,1.11,1.20
2013.04.21 21:57:52.139,1.81191,1.81367,1.11,1.20
2013.04.21 21:57:52.609,1.81191,1.81367,1.11,1.20
2013.04.21 21:57:53.237,1.81191,1.81367,1.11,1.20
2013.04.21 21:58:07.898,1.81191,1.81366,1.11,1.20
2013.04.21 21:58:38.345,1.81191,1.8135,1.16,1.20
2013.04.21 21:58:39.887,1.81234,1.81374,1.13,1.58
2013.04.21 21:58:40.010,1.81234,1.81374,1.19,1.20
2013.04.21 21:58:40.078,1.81234,1.81376,1.19,1.20
2013.04.21 21:58:40.139,1.81234,1.81392,1.19,1.20
2013.04.21 21:58:41.108,1.81234,1.81368,1.08,1.26
2013.04.21 21:58:43.348,1.81234,1.81374,1.08,1.26
2013.04.21 21:58:43.408,1.81233,1.81392,1.28,1.20
2013.04.21 21:58:43.647,1.81233,1.81394,1.28,1.20
2013.04.21 21:58:51.325,1.81234,1.81409,1.23,1.20
2013.04.21 21:58:54.873,1.81234,1.81409,1.17,1.35
2013.04.21 21:58:55.107,1.81256,1.81409,1.31,1.35
2013.04.21 21:58:56.611,1.81233,1.81409,1.31,1.35
2013.04.21 21:58:56.933,1.81233,1.81409,1.31,1.35
2013.04.21 21:58:57.272,1.81233,1.81409,1.31,1.35
2013.04.21 21:58:58.805,1.81233,1.81409,1.31,1.35
2013.04.21 21:59:04.678,1.81296,1.81364,0.75,0.75
2013.04.21 21:59:09.035,1.8133,1.81389,0.75,0.45
2013.04.21 21:59:09.218,1.81355,1.81395,0.75,0.75
2013.04.21 21:59:09.597,1.81331,1.81365,0.15,0.75
2013.04.21 21:59:09.717,1.81295,1.81365,0.75,0.75
2013.04.21 21:59:18.607,1.81286,1.81354,0.75,0.75
2013.04.21 21:59:19.045,1.81255,1.81335,0.75,0.75
2013.04.21 21:59:20.034,1.81295,1.81355,0.75,0.75
2013.04.21 21:59:22.448,1.81265,1.81317,0.15,1.28
2013.04.21 21:59:22.508,1.81255,1.81327,0.26,2.56
2013.04.21 21:59:22.567,1.81241,1.81297,0.26,2.56
2013.04.21 21:59:22.627,1.81199,1.81328,0.83,2.56
2013.04.21 21:59:26.448,1.81199,1.81292,0.83,2.56
2013.04.21 21:59:26.567,1.81199,1.8133,0.83,0.45
2013.04.21 21:59:27.075,1.81256,1.81334,0.75,0.75
2013.04.21 21:59:27.318,1.81201,1.81296,0.15,2.56
2013.04.21 21:59:27.638,1.81201,1.81268,0.15,0.90
2013.04.21 21:59:27.758,1.81201,1.81331,0.15,0.45
2013.04.21 21:59:28.197,1.81201,1.81267,0.15,1.28
2013.04.21 21:59:28.288,1.81201,1.81333,0.15,0.45
2013.04.21 21:59:28.676,1.81201,1.81266,0.15,1.28
2013.04.21 21:59:28.918,1.81201,1.81334,0.15,0.45
2013.04.21 21:59:30.416,1.81201,1.81338,0.15,0.45
2013.04.21 21:59:34.555,1.81245,1.81315,0.75,0.75
2013.04.21 21:59:49.807,1.81245,1.81309,0.75,0.45
2013.04.21 21:59:52.621,1.81275,1.81309,0.75,0.45
2013.04.21 21:59:52.814,1.81246,1.81309,0.75,0.45
2013.04.21 21:59:52.938,1.81246,1.81314,0.75,0.75
2013.04.21 21:59:56.427,1.81206,1.81274,0.75,0.75
2013.04.21 21:59:56.879,1.81246,1.81314,0.75,0.75
