2016.09.22 09:00:00.112,1.78453,1.78481,1.00,1.00
2016.09.22 09:00:00.285,1.78458,1.78487,1.00,1.75
2016.09.22 09:00:00.336,1.78455,1.78487,1.00,1.75
2016.09.22 09:00:00.388,1.78453,1.78485,1.00,1.87
2016.09.22 09:00:00.439,1.78453,1.78485,1.00,2.25
2016.09.22 09:00:00.489,1.78464,1.78486,1.00,1.50
2016.09.22 09:00:00.540,1.78461,1.7849,1.00,1.12
2016.09.22 09:00:00.591,1.78461,1.78494,1.00,1.12
2016.09.22 09:00:00.642,1.78461,1.78494,1.00,2.62
2016.09.22 09:00:00.735,1.78461,1.78492,1.00,1.75
2016.09.22 09:00:00.788,1.78452,1.78488,1.00,1.00
2016.09.22 09:00:00.844,1.78449,1.78484,1.00,1.00
2016.09.22 09:00:00.896,1.7845,1.78484,1.00,1.12
2016.09.22 09:00:00.947,1.78456,1.78486,1.00,1.37
2016.09.22 09:00:00.998,1.78456,1.78486,1.00,1.00
2016.09.22 09:00:01.049,1.78455,1.7849,1.00,1.12
2016.09.22 09:00:01.150,1.78455,1.78494,1.00,1.75
2016.09.22 09:00:01.379,1.78457,1.78494,1.00,1.50
2016.09.22 09:00:01.430,1.78454,1.78494,1.00,1.50
2016.09.22 09:00:01.484,1.78453,1.78493,1.00,1.00
2016.09.22 09:00:01.568,1.78455,1.78493,1.00,1.00
2016.09.22 09:00:01.887,1.78459,1.78494,1.00,1.00
2016.09.22 09:00:01.988,1.7846,1.78497,1.00,1.50
2016.09.22 09:00:02.073,1.7846,1.78497,1.00,3.00
2016.09.22 09:00:02.278,1.7846,1.78499,1.00,2.62
2016.09.22 09:00:02.547,1.78462,1.78499,1.00,1.12
2016.09.22 09:00:02.992,1.7846,1.78496,1.00,1.87
2016.09.22 09:00:03.043,1.78459,1.78496,1.00,3.00
2016.09.22 09:00:03.093,1.7846,1.78492,1.00,1.00
2016.09.22 09:00:03.145,1.7846,1.78496,1.00,1.75
2016.09.22 09:00:03.196,1.78458,1.78496,1.00,1.75
2016.09.22 09:00:03.246,1.7846,1.78496,1.00,1.75
2016.09.22 09:00:03.585,1.7846,1.78494,1.00,2.25
2016.09.22 09:00:03.669,1.7846,1.78494,1.00,3.00
2016.09.22 09:00:03.878,1.78457,1.78494,1.00,3.00
2016.09.22 09:00:03.929,1.78459,1.78494,1.00,3.00
2016.09.22 09:00:03.980,1.78459,1.78494,1.00,2.25
2016.09.22 09:00:04.191,1.78454,1.7849,1.00,1.00
2016.09.22 09:00:04.242,1.78454,1.78485,1.00,1.00
2016.09.22 09:00:04.358,1.78453,1.78482,1.00,1.12
2016.09.22 09:00:04.413,1.78453,1.78482,1.00,1.37
2016.09.22 09:00:04.465,1.78453,1.78478,1.00,1.00
2016.09.22 09:00:04.516,1.78447,1.78478,1.00,1.37
2016.09.22 09:00:04.567,1.78442,1.78481,1.00,3.37
2016.09.22 09:00:04.619,1.78446,1.78479,1.00,2.25
2016.09.22 09:00:04.721,1.78447,1.78479,1.00,1.50
2016.09.22 09:00:04.824,1.78447,1.78478,1.00,1.37
2016.09.22 09:00:04.950,1.78449,1.78479,1.00,1.75
2016.09.22 09:00:05.000,1.78449,1.78477,1.00,1.00
2016.09.22 09:00:05.102,1.78449,1.78478,1.00,1.37
2016.09.22 09:00:05.204,1.78445,1.78479,1.00,1.00
2016.09.22 09:00:05.306,1.78444,1.78478,1.00,1.37
2016.09.22 09:00:05.407,1.78443,1.78478,1.00,3.00
2016.09.22 09:00:05.797,1.78442,1.78478,1.00,1.75
2016.09.22 09:00:05.999,1.78444,1.78477,1.00,1.00
2016.09.22 09:00:06.050,1.78444,1.78478,1.00,1.50
2016.09.22 09:00:06.101,1.78447,1.78478,1.00,3.00
2016.09.22 09:00:06.152,1.78449,1.78478,1.00,2.25
2016.09.22 09:00:06.203,1.78448,1.78479,1.00,1.75
2016.09.22 09:00:06.313,1.7845,1.78479,1.00,1.75
2016.09.22 09:00:06.619,1.78451,1.78479,1.00,1.75
2016.09.22 09:00:06.998,1.7845,1.78478,1.00,1.37
2016.09.22 09:00:07.352,1.78448,1.78478,1.00,1.37
2016.09.22 09:00:07.403,1.7845,1.78478,1.00,1.37
2016.09.22 09:00:07.828,1.78451,1.78478,1.00,1.12
2016.09.22 09:00:07.930,1.78449,1.78479,1.00,1.12
2016.09.22 09:00:08.031,1.78449,1.78478,1.00,1.00
2016.09.22 09:00:08.133,1.78451,1.78478,1.00,1.00
2016.09.22 09:00:08.234,1.78451,1.78478,1.00,1.50
2016.09.22 09:00:08.285,1.78446,1.78478,1.00,1.50
2016.09.22 09:00:08.336,1.78452,1.78479,1.00,3.37
2016.09.22 09:00:08.458,1.78442,1.78478,1.00,1.37
2016.09.22 09:00:08.509,1.78452,1.78478,1.00,1.37
2016.09.22 09:00:08.560,1.78449,1.78484,1.00,1.00
2016.09.22 09:00:08.713,1.78455,1.78486,1.00,1.12
2016.09.22 09:00:08.766,1.78453,1.78485,1.00,1.12
2016.09.22 09:00:08.817,1.78455,1.78482,1.00,1.00
2016.09.22 09:00:08.994,1.78456,1.78488,1.00,1.00
2016.09.22 09:00:09.116,1.78452,1.78489,1.00,1.37
2016.09.22 09:00:09.167,1.78451,1.78489,1.00,1.87
2016.09.22 09:00:09.217,1.78451,1.78489,1.00,2.25
2016.09.22 09:00:09.268,1.78454,1.78489,1.00,1.50
2016.09.22 09:00:09.319,1.78454,1.78487,1.00,1.00
2016.09.22 09:00:09.522,1.78453,1.78489,1.00,1.50
2016.09.22 09:00:09.697,1.78457,1.7849,1.00,1.75
2016.09.22 09:00:09.799,1.78455,1.78489,1.00,1.75
2016.09.22 09:00:09.849,1.78455,1.7849,1.00,1.00
2016.09.22 09:00:09.900,1.78457,1.7849,1.00,1.00
2016.09.22 09:00:09.951,1.78457,1.7849,1.00,1.12
2016.09.22 09:00:10.153,1.78457,1.78489,1.00,1.87
2016.09.22 09:00:10.204,1.78455,1.78489,1.00,1.87
2016.09.22 09:00:10.299,1.78455,1.78489,1.00,1.37
2016.09.22 09:00:10.350,1.78457,1.7849,1.00,1.75
2016.09.22 09:00:10.400,1.78455,1.7849,1.00,1.75
2016.09.22 09:00:10.502,1.78457,1.7849,1.00,1.75
2016.09.22 09:00:10.756,1.78459,1.78489,1.00,1.50
2016.09.22 09:00:11.280,1.7846,1.78489,1.00,1.50
2016.09.22 09:00:11.758,1.7846,1.78489,1.00,1.12
2016.09.22 09:00:11.972,1.78459,1.7849,1.00,1.50
2016.09.22 09:00:12.078,1.78457,1.7849,1.00,1.50
2016.09.22 09:00:12.230,1.78459,1.78489,1.00,1.00
2016.09.22 09:00:12.762,1.78458,1.78489,1.00,1.00
2016.09.22 09:00:13.291,1.78459,1.78489,1.00,1.00
2016.09.22 09:00:13.562,1.78458,1.7849,1.00,1.50
2016.09.22 09:00:13.663,1.7846,1.7849,1.00,1.12
2016.09.22 09:00:14.151,1.7846,1.78494,1.00,1.12
2016.09.22 09:00:14.202,1.78462,1.78494,1.00,1.12
2016.09.22 09:00:14.253,1.78462,1.78496,1.00,1.12
2016.09.22 09:00:14.304,1.78462,1.78499,1.00,1.75
2016.09.22 09:00:14.354,1.78461,1.78493,1.00,1.00
2016.09.22 09:00:14.455,1.78461,1.78499,1.00,3.75
2016.09.22 09:00:14.604,1.78463,1.78498,1.00,1.75
2016.09.22 09:00:14.656,1.78466,1.78498,1.00,1.50
2016.09.22 09:00:14.757,1.78464,1.78498,1.00,1.00
2016.09.22 09:00:14.859,1.78464,1.78498,1.00,1.12
2016.09.22 09:00:15.163,1.78463,1.78498,1.00,2.25
2016.09.22 09:00:15.213,1.78461,1.78498,1.00,2.25
2016.09.22 09:00:15.264,1.78461,1.78493,1.00,1.00
2016.09.22 09:00:15.354,1.7846,1.78498,1.00,1.50
2016.09.22 09:00:15.662,1.78463,1.78498,1.00,1.50
2016.09.22 09:00:16.242,1.78463,1.78498,1.00,1.50
2016.09.22 09:00:16.445,1.78467,1.785,1.00,1.12
2016.09.22 09:00:16.495,1.78467,1.78502,1.00,2.25
2016.09.22 09:00:16.647,1.78467,1.78505,1.00,3.00
2016.09.22 09:00:16.873,1.78467,1.78502,1.00,2.25
2016.09.22 09:00:16.977,1.78469,1.785,1.00,1.00
2016.09.22 09:00:17.028,1.78467,1.785,1.00,1.00
2016.09.22 09:00:17.079,1.78467,1.78498,1.00,1.00
2016.09.22 09:00:17.283,1.78469,1.78502,1.00,2.25
2016.09.22 09:00:17.604,1.78468,1.785,1.00,2.25
2016.09.22 09:00:17.859,1.78468,1.78503,1.00,3.00
2016.09.22 09:00:18.063,1.78468,1.78502,1.00,2.25
2016.09.22 09:00:18.165,1.78468,1.78502,1.00,3.00
2016.09.22 09:00:18.253,1.78466,1.78502,1.00,3.00
2016.09.22 09:00:18.456,1.78465,1.78502,1.00,1.75
2016.09.22 09:00:18.507,1.78467,1.78503,1.00,2.25
2016.09.22 09:00:18.861,1.78467,1.78499,1.00,2.25
2016.09.22 09:00:18.992,1.78462,1.78499,1.00,2.25
2016.09.22 09:00:19.043,1.78457,1.78495,1.00,2.25
2016.09.22 09:00:19.094,1.78455,1.78495,1.00,2.25
2016.09.22 09:00:19.145,1.78455,1.7849,1.00,1.87
2016.09.22 09:00:19.195,1.78454,1.7849,1.00,2.25
2016.09.22 09:00:19.247,1.78456,1.7849,1.00,1.12
2016.09.22 09:00:19.298,1.78456,1.7849,1.00,1.00
2016.09.22 09:00:19.349,1.78458,1.7849,1.00,1.00
2016.09.22 09:00:19.399,1.78459,1.7849,1.00,1.00
2016.09.22 09:00:19.450,1.78461,1.78499,1.00,1.75
2016.09.22 09:00:19.683,1.7846,1.785,1.00,1.37
2016.09.22 09:00:19.784,1.78459,1.78499,1.00,2.25
2016.09.22 09:00:19.886,1.78461,1.78496,1.00,1.00
2016.09.22 09:00:19.987,1.78461,1.78499,1.00,2.25
2016.09.22 09:00:20.089,1.78461,1.78499,1.00,1.12
2016.09.22 09:00:20.190,1.78465,1.78499,1.00,2.62
2016.09.22 09:00:20.328,1.78461,1.785,1.00,3.00
2016.09.22 09:00:20.379,1.7846,1.78498,1.00,2.25
2016.09.22 09:00:20.430,1.78458,1.78498,1.00,2.25
2016.09.22 09:00:20.482,1.78459,1.78497,1.00,2.25
2016.09.22 09:00:20.532,1.78462,1.78497,1.00,2.25
2016.09.22 09:00:20.584,1.78459,1.78494,1.00,1.87
2016.09.22 09:00:20.688,1.78459,1.78488,1.00,1.00
2016.09.22 09:00:20.861,1.78454,1.78489,1.00,1.12
2016.09.22 09:00:20.914,1.78455,1.78489,1.00,1.87
2016.09.22 09:00:20.968,1.78455,1.78485,1.00,1.00
2016.09.22 09:00:21.069,1.78453,1.78485,1.00,1.00
2016.09.22 09:00:21.170,1.78453,1.78485,1.00,1.12
2016.09.22 09:00:21.343,1.78453,1.78485,1.00,1.37
2016.09.22 09:00:21.393,1.78452,1.78486,1.00,3.00
2016.09.22 09:00:21.444,1.78452,1.78486,1.00,3.00
2016.09.22 09:00:21.495,1.78452,1.78482,1.00,1.00
2016.09.22 09:00:21.597,1.78454,1.78486,1.00,1.75
2016.09.22 09:00:21.647,1.78454,1.78485,1.00,1.50
2016.09.22 09:00:21.749,1.78456,1.78485,1.00,1.50
2016.09.22 09:00:21.902,1.78456,1.78486,1.00,1.00
2016.09.22 09:00:22.105,1.78453,1.78488,1.00,1.00
2016.09.22 09:00:22.156,1.78453,1.78493,1.00,3.00
2016.09.22 09:00:22.207,1.78454,1.78492,1.00,1.75
2016.09.22 09:00:22.309,1.78455,1.78491,1.00,2.25
2016.09.22 09:00:22.411,1.78455,1.78492,1.00,1.75
2016.09.22 09:00:22.488,1.78455,1.78492,1.00,2.25
2016.09.22 09:00:22.539,1.78453,1.78492,1.00,2.25
2016.09.22 09:00:22.591,1.78453,1.78491,1.00,3.00
2016.09.22 09:00:22.911,1.78454,1.78488,1.00,1.00
2016.09.22 09:00:22.961,1.78453,1.78488,1.00,1.00
2016.09.22 09:00:23.012,1.78453,1.78491,1.00,1.75
2016.09.22 09:00:23.064,1.78455,1.78491,1.00,1.75
2016.09.22 09:00:23.175,1.78454,1.78491,1.00,2.25
2016.09.22 09:00:23.327,1.78454,1.78492,1.00,1.75
2016.09.22 09:00:23.378,1.78454,1.78493,1.00,3.00
2016.09.22 09:00:23.429,1.78454,1.78492,1.00,1.75
2016.09.22 09:00:23.581,1.78455,1.78491,1.00,1.00
2016.09.22 09:00:23.632,1.78454,1.78492,1.00,1.50
2016.09.22 09:00:23.964,1.7846,1.78492,1.00,1.50
2016.09.22 09:00:24.014,1.7846,1.78491,1.00,1.00
2016.09.22 09:00:24.065,1.78458,1.78491,1.00,1.00
2016.09.22 09:00:24.116,1.78457,1.78493,1.00,1.75
2016.09.22 09:00:24.318,1.78457,1.78491,1.00,1.00
2016.09.22 09:00:24.533,1.78461,1.78493,1.00,1.37
2016.09.22 09:00:24.736,1.78464,1.78493,1.00,1.37
2016.09.22 09:00:24.838,1.78464,1.78492,1.00,1.00
2016.09.22 09:00:24.889,1.78464,1.78492,1.00,1.12
2016.09.22 09:00:24.940,1.78464,1.78492,1.00,1.50
2016.09.22 09:00:25.156,1.78464,1.78492,1.00,1.12
2016.09.22 09:00:25.207,1.78465,1.78492,1.00,1.00
2016.09.22 09:00:25.401,1.78464,1.78492,1.00,1.12
2016.09.22 09:00:25.502,1.78464,1.78496,1.00,1.12
2016.09.22 09:00:25.553,1.78464,1.78499,1.00,2.25
2016.09.22 09:00:25.705,1.78464,1.78499,1.00,1.75
2016.09.22 09:00:25.807,1.78464,1.78499,1.00,3.00
2016.09.22 09:00:25.945,1.78467,1.78499,1.00,1.37
2016.09.22 09:00:25.996,1.78465,1.785,1.00,1.50
2016.09.22 09:00:26.048,1.78465,1.785,1.00,1.75
2016.09.22 09:00:26.098,1.78465,1.78499,1.00,1.00
2016.09.22 09:00:26.149,1.78467,1.78499,1.00,1.00
2016.09.22 09:00:26.404,1.78467,1.785,1.00,1.37
2016.09.22 09:00:26.572,1.78467,1.785,1.00,1.75
2016.09.22 09:00:26.655,1.78466,1.78499,1.00,1.00
2016.09.22 09:00:26.706,1.78466,1.785,1.00,1.75
2016.09.22 09:00:26.808,1.78465,1.785,1.00,2.25
2016.09.22 09:00:26.910,1.78467,1.785,1.00,1.75
2016.09.22 09:00:27.011,1.78464,1.785,1.00,3.00
2016.09.22 09:00:27.214,1.78464,1.785,1.00,1.75
2016.09.22 09:00:27.848,1.78464,1.78501,1.00,1.75
2016.09.22 09:00:28.022,1.78464,1.785,1.00,2.25
2016.09.22 09:00:28.204,1.78464,1.785,1.00,3.00
2016.09.22 09:00:28.306,1.78464,1.78495,1.00,1.00
2016.09.22 09:00:28.357,1.78464,1.78499,1.00,2.25
2016.09.22 09:00:28.762,1.78463,1.78495,1.00,1.00
2016.09.22 09:00:28.978,1.78464,1.785,1.00,3.75
2016.09.22 09:00:29.028,1.78464,1.78499,1.00,2.25
2016.09.22 09:00:29.079,1.78462,1.78499,1.00,2.25
2016.09.22 09:00:29.130,1.78462,1.78495,1.00,1.00
2016.09.22 09:00:29.608,1.7846,1.78498,1.00,2.25
2016.09.22 09:00:29.721,1.7846,1.78494,1.00,1.37
2016.09.22 09:00:29.772,1.78458,1.78494,1.00,1.37
2016.09.22 09:00:29.823,1.78457,1.78494,1.00,1.87
2016.09.22 09:00:29.874,1.78457,1.78493,1.00,2.25
2016.09.22 09:00:30.380,1.78458,1.78493,1.00,2.25
2016.09.22 09:00:30.760,1.78457,1.78494,1.00,1.75
2016.09.22 09:00:30.811,1.7846,1.78494,1.00,1.75
2016.09.22 09:00:30.862,1.78457,1.7849,1.00,1.00
2016.09.22 09:00:30.915,1.78453,1.78494,1.00,1.75
2016.09.22 09:00:30.967,1.78447,1.78486,1.00,1.87
2016.09.22 09:00:31.018,1.78447,1.78484,1.00,3.00
2016.09.22 09:00:31.070,1.78448,1.78479,1.00,1.00
2016.09.22 09:00:31.121,1.78448,1.78484,1.00,3.00
2016.09.22 09:00:31.247,1.78447,1.78483,1.00,1.00
2016.09.22 09:00:31.349,1.78444,1.78483,1.00,1.37
2016.09.22 09:00:31.450,1.78444,1.78482,1.00,1.00
2016.09.22 09:00:31.501,1.78447,1.78482,1.00,1.00
2016.09.22 09:00:31.552,1.78447,1.78483,1.00,1.12
2016.09.22 09:00:31.684,1.78447,1.78484,1.00,1.00
2016.09.22 09:00:31.785,1.78449,1.78486,1.00,1.87
2016.09.22 09:00:31.836,1.78451,1.78486,1.00,1.50
2016.09.22 09:00:31.886,1.7845,1.78486,1.00,1.00
2016.09.22 09:00:32.053,1.78448,1.78486,1.00,2.25
2016.09.22 09:00:32.256,1.78448,1.78486,1.00,1.00
2016.09.22 09:00:32.357,1.78448,1.78486,1.00,1.37
2016.09.22 09:00:32.408,1.78448,1.78484,1.00,1.00
2016.09.22 09:00:32.458,1.78448,1.78484,1.00,1.37
2016.09.22 09:00:32.560,1.78448,1.78483,1.00,1.00
2016.09.22 09:00:32.766,1.78448,1.78486,1.00,2.25
2016.09.22 09:00:32.818,1.78448,1.78486,1.00,1.12
2016.09.22 09:00:33.117,1.78448,1.78487,1.00,1.75
2016.09.22 09:00:33.219,1.78448,1.78487,1.00,2.25
2016.09.22 09:00:33.269,1.78448,1.78487,1.00,1.87
2016.09.22 09:00:33.320,1.78448,1.78486,1.00,1.00
2016.09.22 09:00:33.422,1.78448,1.78487,1.00,1.50
2016.09.22 09:00:33.472,1.7845,1.78487,1.00,1.87
2016.09.22 09:00:33.523,1.78453,1.78485,1.00,1.00
2016.09.22 09:00:33.588,1.78455,1.78487,1.00,1.00
2016.09.22 09:00:33.709,1.78458,1.78492,1.00,1.12
2016.09.22 09:00:33.811,1.78458,1.78494,1.00,2.25
2016.09.22 09:00:33.963,1.78456,1.78493,1.00,1.75
2016.09.22 09:00:34.064,1.78456,1.78492,1.00,2.25
2016.09.22 09:00:34.115,1.78456,1.7849,1.00,1.75
2016.09.22 09:00:34.268,1.78456,1.7849,1.00,1.37
2016.09.22 09:00:34.319,1.78456,1.7849,1.00,1.00
2016.09.22 09:00:34.420,1.78456,1.78492,1.00,1.12
2016.09.22 09:00:34.597,1.78458,1.78493,1.00,2.25
2016.09.22 09:00:34.648,1.78458,1.78493,1.00,1.87
2016.09.22 09:00:34.699,1.78458,1.78493,1.00,1.50
2016.09.22 09:00:34.750,1.78459,1.78493,1.00,1.00
2016.09.22 09:00:34.800,1.78459,1.78494,1.00,1.12
2016.09.22 09:00:34.851,1.78459,1.78493,1.00,1.37
2016.09.22 09:00:34.902,1.78459,1.78493,1.00,1.75
2016.09.22 09:00:35.177,1.78459,1.78493,1.00,1.50
2016.09.22 09:00:35.227,1.78459,1.78494,1.00,2.25
2016.09.22 09:00:35.345,1.78459,1.78494,1.00,1.37
2016.09.22 09:00:35.399,1.78457,1.78494,1.00,1.00
2016.09.22 09:00:35.500,1.78458,1.78494,1.00,1.00
2016.09.22 09:00:35.673,1.78458,1.78494,1.00,1.00
2016.09.22 09:00:36.672,1.78458,1.78494,1.00,1.37
2016.09.22 09:00:36.722,1.78457,1.78493,1.00,1.12
2016.09.22 09:00:36.773,1.78457,1.78493,1.00,1.00
2016.09.22 09:00:36.875,1.78455,1.78493,1.00,1.37
2016.09.22 09:00:36.996,1.78455,1.78494,1.00,2.25
2016.09.22 09:00:37.200,1.78457,1.78494,1.00,1.87
2016.09.22 09:00:37.301,1.78458,1.78494,1.00,2.25
2016.09.22 09:00:37.726,1.78458,1.78493,1.00,1.75
2016.09.22 09:00:38.069,1.78458,1.78493,1.00,1.50
2016.09.22 09:00:38.170,1.78458,1.78494,1.00,1.37
2016.09.22 09:00:38.389,1.78458,1.78494,1.00,1.12
2016.09.22 09:00:38.440,1.78457,1.78493,1.00,1.00
2016.09.22 09:00:38.990,1.78458,1.78493,1.00,1.00
2016.09.22 09:00:39.366,1.7846,1.78493,1.00,1.00
2016.09.22 09:00:39.794,1.78459,1.78493,1.00,1.37
2016.09.22 09:00:39.845,1.78457,1.78492,1.00,1.00
2016.09.22 09:00:39.895,1.78457,1.78493,1.00,1.37
2016.09.22 09:00:39.946,1.78459,1.78493,1.00,1.00
2016.09.22 09:00:39.997,1.78459,1.78493,1.00,1.37
2016.09.22 09:00:40.048,1.78457,1.78494,1.00,1.75
2016.09.22 09:00:40.597,1.78458,1.78493,1.00,1.75
2016.09.22 09:00:41.868,1.78456,1.78493,1.00,1.75
2016.09.22 09:00:42.605,1.78455,1.7849,1.00,1.00
2016.09.22 09:00:42.707,1.78455,1.78493,1.00,3.75
2016.09.22 09:00:42.757,1.78455,1.78493,1.00,3.00
2016.09.22 09:00:42.808,1.78455,1.78491,1.00,1.75
2016.09.22 09:00:42.909,1.78455,1.78488,1.00,1.12
2016.09.22 09:00:43.061,1.78453,1.78488,1.00,1.12
2016.09.22 09:00:43.112,1.78453,1.78488,1.00,1.37
2016.09.22 09:00:43.162,1.78453,1.78488,1.00,1.75
2016.09.22 09:00:43.487,1.78451,1.78487,1.00,1.75
2016.09.22 09:00:44.104,1.7845,1.78487,1.00,1.75
2016.09.22 09:00:44.644,1.78449,1.78487,1.00,1.75
2016.09.22 09:00:44.900,1.78449,1.78485,1.00,1.75
2016.09.22 09:00:45.103,1.7845,1.78487,1.00,1.75
2016.09.22 09:00:45.205,1.78448,1.78484,1.00,1.00
2016.09.22 09:00:45.256,1.78448,1.78487,1.00,1.75
2016.09.22 09:00:45.307,1.78453,1.78488,1.00,1.75
2016.09.22 09:00:45.486,1.78451,1.78488,1.00,1.50
2016.09.22 09:00:45.587,1.78454,1.78485,1.00,1.00
2016.09.22 09:00:45.638,1.78453,1.78489,1.00,1.75
2016.09.22 09:00:45.689,1.78451,1.78489,1.00,1.50
2016.09.22 09:00:45.743,1.78451,1.7849,1.00,1.75
2016.09.22 09:00:45.854,1.78451,1.78488,1.00,1.12
2016.09.22 09:00:46.007,1.78451,1.78487,1.00,1.00
2016.09.22 09:00:46.228,1.78451,1.7849,1.00,1.75
2016.09.22 09:00:46.408,1.78451,1.78487,1.00,1.00
2016.09.22 09:00:47.073,1.78451,1.78488,1.00,1.12
2016.09.22 09:00:47.199,1.78451,1.78488,1.00,1.37
2016.09.22 09:00:47.259,1.78451,1.78488,1.00,1.75
2016.09.22 09:00:47.339,1.78453,1.78488,1.00,1.50
2016.09.22 09:00:47.441,1.78455,1.7849,1.00,1.75
2016.09.22 09:00:47.542,1.78454,1.7849,1.00,2.25
2016.09.22 09:00:47.593,1.78451,1.7849,1.00,2.25
2016.09.22 09:00:47.644,1.78451,1.78488,1.00,2.25
2016.09.22 09:00:47.723,1.78449,1.78484,1.00,3.00
2016.09.22 09:00:47.774,1.78438,1.7848,1.00,1.37
2016.09.22 09:00:47.825,1.78436,1.78473,1.00,2.62
2016.09.22 09:00:47.876,1.78433,1.78473,1.00,3.00
2016.09.22 09:00:47.926,1.78433,1.78472,1.00,1.75
2016.09.22 09:00:48.129,1.78433,1.78469,1.00,1.00
2016.09.22 09:00:48.180,1.78433,1.78472,1.00,1.50
2016.09.22 09:00:48.230,1.78434,1.7847,1.00,1.12
2016.09.22 09:00:48.281,1.78435,1.7847,1.00,1.50
2016.09.22 09:00:48.332,1.78437,1.78474,1.00,1.75
2016.09.22 09:00:48.413,1.78437,1.78475,1.00,1.87
2016.09.22 09:00:48.464,1.78442,1.78476,1.00,1.00
2016.09.22 09:00:48.515,1.78442,1.78479,1.00,1.00
2016.09.22 09:00:48.884,1.7844,1.78478,1.00,1.00
2016.09.22 09:00:49.465,1.78441,1.78478,1.00,1.00
2016.09.22 09:00:49.731,1.78447,1.78478,1.00,1.00
2016.09.22 09:00:49.782,1.78443,1.78479,1.00,1.00
2016.09.22 09:00:49.833,1.78443,1.78479,1.00,1.37
2016.09.22 09:00:49.884,1.78443,1.78479,1.00,1.50
2016.09.22 09:00:49.934,1.78438,1.78479,1.00,1.12
2016.09.22 09:00:49.985,1.78438,1.78479,1.00,1.00
2016.09.22 09:00:50.036,1.78436,1.78473,1.00,1.87
2016.09.22 09:00:50.148,1.78436,1.78473,1.00,2.25
2016.09.22 09:00:50.202,1.78433,1.78473,1.00,2.25
2016.09.22 09:00:50.253,1.78433,1.78469,1.00,1.00
2016.09.22 09:00:50.304,1.78436,1.78469,1.00,1.00
2016.09.22 09:00:50.355,1.78434,1.78471,1.00,1.75
2016.09.22 09:00:50.406,1.78434,1.78468,1.00,1.00
2016.09.22 09:00:50.507,1.78434,1.78469,1.00,1.50
2016.09.22 09:00:50.558,1.78434,1.78469,1.00,1.12
2016.09.22 09:00:50.609,1.78434,1.78469,1.00,1.00
2016.09.22 09:00:50.659,1.78432,1.78469,1.00,1.00
2016.09.22 09:00:50.761,1.78431,1.78467,1.00,1.00
2016.09.22 09:00:50.863,1.78431,1.78468,1.00,1.75
2016.09.22 09:00:51.184,1.78431,1.78464,1.00,1.00
2016.09.22 09:00:51.286,1.78431,1.78467,1.00,1.37
2016.09.22 09:00:51.439,1.78431,1.78465,1.00,1.00
2016.09.22 09:00:52.021,1.7843,1.78465,1.00,1.00
2016.09.22 09:00:52.276,1.7843,1.78465,1.00,1.12
2016.09.22 09:00:52.377,1.7843,1.78465,1.00,1.00
2016.09.22 09:00:52.544,1.7843,1.78463,1.00,1.00
2016.09.22 09:00:52.785,1.78424,1.78462,1.00,1.00
2016.09.22 09:00:52.836,1.78423,1.78459,1.00,1.00
2016.09.22 09:00:52.988,1.78421,1.78458,1.00,1.00
2016.09.22 09:00:53.242,1.78426,1.7846,1.00,1.50
2016.09.22 09:00:53.293,1.78426,1.7846,1.00,1.12
2016.09.22 09:00:53.344,1.78425,1.78462,1.00,1.37
2016.09.22 09:00:53.394,1.78426,1.78463,1.00,1.00
2016.09.22 09:00:53.519,1.78432,1.78466,1.00,1.37
2016.09.22 09:00:53.571,1.78432,1.78466,1.00,1.00
2016.09.22 09:00:53.835,1.78432,1.78468,1.00,1.00
2016.09.22 09:00:54.412,1.78432,1.78467,1.00,1.00
2016.09.22 09:00:54.817,1.78434,1.78467,1.00,1.00
2016.09.22 09:00:54.921,1.78434,1.78472,1.00,1.00
2016.09.22 09:00:55.022,1.78434,1.7847,1.00,1.00
2016.09.22 09:00:55.334,1.78434,1.78472,1.00,1.00
2016.09.22 09:00:55.858,1.78434,1.7847,1.00,1.00
2016.09.22 09:00:56.443,1.78434,1.78471,1.00,1.00
2016.09.22 09:00:58.625,1.78435,1.78473,1.00,1.00
2016.09.22 09:00:59.122,1.78438,1.78473,1.00,1.00
2016.09.22 09:00:59.428,1.78438,1.78475,1.00,1.00
2016.09.22 09:00:59.889,1.78439,1.78474,1.00,1.00
2016.09.22 09:01:00.092,1.78442,1.78477,1.00,1.00
2016.09.22 09:01:00.632,1.78444,1.78478,1.00,1.50
2016.09.22 09:01:00.683,1.78445,1.78478,1.00,1.00
2016.09.22 09:01:00.784,1.78446,1.78478,1.00,1.50
2016.09.22 09:01:00.835,1.78444,1.78478,1.00,1.50
2016.09.22 09:01:01.052,1.78446,1.78477,1.00,1.00
2016.09.22 09:01:01.103,1.78444,1.78477,1.00,1.00
2016.09.22 09:01:01.154,1.78446,1.78477,1.00,1.00
2016.09.22 09:01:01.206,1.78444,1.78477,1.00,1.00
2016.09.22 09:01:01.257,1.78445,1.7848,1.00,1.12
2016.09.22 09:01:01.428,1.78445,1.78478,1.00,1.00
2016.09.22 09:01:01.530,1.78442,1.78474,1.00,1.00
2016.09.22 09:01:01.581,1.78437,1.78474,1.00,1.00
2016.09.22 09:01:01.632,1.78442,1.78475,1.00,1.00
2016.09.22 09:01:01.695,1.78438,1.78475,1.00,1.12
2016.09.22 09:01:01.747,1.78441,1.78476,1.00,1.75
2016.09.22 09:01:01.798,1.78439,1.78476,1.00,1.75
2016.09.22 09:01:01.848,1.78435,1.78472,1.00,1.50
2016.09.22 09:01:01.899,1.78434,1.78472,1.00,1.75
2016.09.22 09:01:02.019,1.7843,1.78472,1.00,1.75
2016.09.22 09:01:02.072,1.7843,1.78466,1.00,1.00
2016.09.22 09:01:02.124,1.78432,1.78466,1.00,1.00
2016.09.22 09:01:02.632,1.78433,1.7847,1.00,1.00
2016.09.22 09:01:02.807,1.78431,1.7847,1.00,1.00
2016.09.22 09:01:02.959,1.78431,1.78468,1.00,1.00
2016.09.22 09:01:03.519,1.78432,1.78473,1.00,1.00
2016.09.22 09:01:03.571,1.78441,1.78476,1.00,1.12
2016.09.22 09:01:03.622,1.78447,1.78477,1.00,1.00
2016.09.22 09:01:03.673,1.78447,1.78481,1.00,1.00
2016.09.22 09:01:03.836,1.78443,1.78482,1.00,1.87
2016.09.22 09:01:03.938,1.78442,1.78479,1.00,1.00
2016.09.22 09:01:04.230,1.78431,1.78472,1.50,1.00
2016.09.22 09:01:04.282,1.78429,1.78467,1.37,1.00
2016.09.22 09:01:04.348,1.78426,1.78462,1.00,1.00
2016.09.22 09:01:04.451,1.78424,1.7846,1.00,1.00
2016.09.22 09:01:04.554,1.78423,1.7846,1.00,1.37
2016.09.22 09:01:04.605,1.78423,1.7846,1.00,1.50
2016.09.22 09:01:04.740,1.78423,1.78458,1.00,1.00
2016.09.22 09:01:05.048,1.78425,1.78458,1.00,1.00
2016.09.22 09:01:05.496,1.78432,1.78458,1.00,1.00
2016.09.22 09:01:05.548,1.78433,1.78463,1.00,1.00
2016.09.22 09:01:05.599,1.78434,1.78464,1.00,1.00
2016.09.22 09:01:05.650,1.78435,1.78467,1.00,1.37
2016.09.22 09:01:05.701,1.78436,1.78467,1.00,1.00
2016.09.22 09:01:05.803,1.78434,1.78467,1.00,1.00
2016.09.22 09:01:05.905,1.78439,1.78468,1.00,1.00
2016.09.22 09:01:05.955,1.78439,1.78471,1.00,1.00
2016.09.22 09:01:06.367,1.78441,1.78471,1.00,1.00
2016.09.22 09:01:06.469,1.78441,1.78473,1.00,1.00
2016.09.22 09:01:06.875,1.78443,1.78472,1.00,1.00
2016.09.22 09:01:07.041,1.7844,1.78473,1.00,1.50
2016.09.22 09:01:07.357,1.78442,1.78473,1.00,1.00
2016.09.22 09:01:07.408,1.78442,1.78475,1.00,1.37
2016.09.22 09:01:07.560,1.78444,1.78479,1.00,2.25
2016.09.22 09:01:07.610,1.78445,1.78479,1.00,1.50
2016.09.22 09:01:07.661,1.78449,1.78479,1.00,1.00
2016.09.22 09:01:07.712,1.7845,1.78479,1.00,1.00
2016.09.22 09:01:07.851,1.78448,1.78479,1.00,1.00
2016.09.22 09:01:08.054,1.78448,1.78481,1.00,1.00
2016.09.22 09:01:08.155,1.78446,1.78481,1.00,1.00
2016.09.22 09:01:08.409,1.78448,1.78481,1.00,1.00
2016.09.22 09:01:08.613,1.78445,1.7848,1.00,1.00
2016.09.22 09:01:08.813,1.78443,1.7848,1.00,1.00
2016.09.22 09:01:08.864,1.78443,1.7848,1.00,1.12
2016.09.22 09:01:08.965,1.78443,1.78479,1.00,1.00
2016.09.22 09:01:09.548,1.78444,1.78479,1.00,1.00
2016.09.22 09:01:09.702,1.78442,1.78479,1.00,1.00
2016.09.22 09:01:09.753,1.78442,1.78477,1.00,1.00
2016.09.22 09:01:09.956,1.78445,1.78481,1.00,1.37
2016.09.22 09:01:10.108,1.78443,1.78481,1.00,1.37
2016.09.22 09:01:10.159,1.78442,1.7848,1.00,1.00
2016.09.22 09:01:10.346,1.78443,1.78478,1.00,1.00
2016.09.22 09:01:10.884,1.78444,1.78478,1.00,1.00
2016.09.22 09:01:11.385,1.78444,1.7848,1.00,1.00
2016.09.22 09:01:11.664,1.78444,1.78478,1.00,1.00
2016.09.22 09:01:12.147,1.78445,1.78476,1.00,1.00
2016.09.22 09:01:12.351,1.78444,1.78479,1.00,1.00
2016.09.22 09:01:12.503,1.78442,1.78479,1.00,1.00
2016.09.22 09:01:12.555,1.78442,1.78479,1.00,1.50
2016.09.22 09:01:12.675,1.78442,1.78479,1.00,1.12
2016.09.22 09:01:12.727,1.78444,1.78479,1.00,1.00
2016.09.22 09:01:12.880,1.78443,1.78479,1.00,1.12
2016.09.22 09:01:13.032,1.78445,1.78479,1.00,1.12
2016.09.22 09:01:13.082,1.78445,1.78479,1.00,1.00
2016.09.22 09:01:13.133,1.78443,1.78479,1.00,1.00
2016.09.22 09:01:13.777,1.78444,1.78479,1.00,1.00
2016.09.22 09:01:14.766,1.78451,1.78484,1.00,1.12
2016.09.22 09:01:14.817,1.78453,1.78484,1.00,1.12
2016.09.22 09:01:14.868,1.78453,1.78486,1.00,1.00
2016.09.22 09:01:15.071,1.78453,1.78486,1.00,1.00
2016.09.22 09:01:15.405,1.78456,1.78487,1.00,1.00
2016.09.22 09:01:15.507,1.78456,1.78494,1.00,1.87
2016.09.22 09:01:15.557,1.78456,1.78494,1.00,1.50
2016.09.22 09:01:15.709,1.78456,1.78495,1.00,1.87
2016.09.22 09:01:15.760,1.78458,1.78495,1.00,1.37
2016.09.22 09:01:15.811,1.78461,1.78495,1.00,1.00
2016.09.22 09:01:15.862,1.78461,1.78495,1.00,1.00
2016.09.22 09:01:16.193,1.78461,1.78495,1.00,1.12
2016.09.22 09:01:16.395,1.78459,1.78495,1.00,1.12
2016.09.22 09:01:16.565,1.78461,1.78495,1.00,1.00
2016.09.22 09:01:16.637,1.78453,1.78494,1.00,1.00
2016.09.22 09:01:16.702,1.78452,1.78491,1.00,1.00
2016.09.22 09:01:16.753,1.78453,1.78491,1.00,1.50
2016.09.22 09:01:16.804,1.78453,1.7849,1.00,1.00
2016.09.22 09:01:16.905,1.78454,1.78491,1.00,1.37
2016.09.22 09:01:17.007,1.78457,1.78491,1.00,1.00
2016.09.22 09:01:17.108,1.78459,1.78491,1.00,1.00
2016.09.22 09:01:17.428,1.78457,1.78492,1.00,1.00
2016.09.22 09:01:17.529,1.78459,1.78492,1.00,1.00
2016.09.22 09:01:17.580,1.78454,1.78495,1.00,1.75
2016.09.22 09:01:17.682,1.78453,1.78495,1.00,2.25
2016.09.22 09:01:17.732,1.78456,1.78495,1.00,1.75
2016.09.22 09:01:17.783,1.78456,1.78492,1.00,1.00
2016.09.22 09:01:17.884,1.78457,1.78492,1.00,1.12
2016.09.22 09:01:17.989,1.78457,1.78492,1.00,1.00
2016.09.22 09:01:18.090,1.78457,1.78492,1.00,1.12
2016.09.22 09:01:18.192,1.78459,1.78492,1.00,1.00
2016.09.22 09:01:18.293,1.78457,1.78492,1.00,1.00
2016.09.22 09:01:18.466,1.78455,1.78492,1.00,1.00
2016.09.22 09:01:18.516,1.78457,1.78492,1.00,1.00
2016.09.22 09:01:19.025,1.78458,1.78492,1.00,1.00
2016.09.22 09:01:19.278,1.78455,1.78492,1.00,1.00
2016.09.22 09:01:19.380,1.78458,1.78492,1.00,1.00
2016.09.22 09:01:19.737,1.7846,1.78492,1.00,1.00
2016.09.22 09:01:19.885,1.78459,1.78498,1.00,1.37
2016.09.22 09:01:19.987,1.78459,1.785,1.00,1.50
2016.09.22 09:01:20.038,1.78459,1.785,1.00,2.25
2016.09.22 09:01:20.089,1.7846,1.785,1.00,1.50
2016.09.22 09:01:20.139,1.7846,1.785,1.00,2.25
2016.09.22 09:01:20.190,1.78458,1.78499,1.00,2.25
2016.09.22 09:01:20.241,1.78459,1.78499,1.00,1.50
2016.09.22 09:01:20.292,1.78459,1.78497,1.00,1.00
2016.09.22 09:01:20.658,1.78459,1.78496,1.00,1.00
2016.09.22 09:01:21.476,1.78457,1.78496,1.00,1.00
2016.09.22 09:01:21.840,1.78459,1.78496,1.00,1.00
2016.09.22 09:01:21.992,1.7846,1.78498,1.00,1.50
2016.09.22 09:01:22.492,1.78459,1.78498,1.00,1.87
2016.09.22 09:01:22.542,1.78459,1.78497,1.00,1.00
2016.09.22 09:01:22.877,1.78459,1.78495,1.00,1.00
2016.09.22 09:01:23.142,1.78459,1.78495,1.00,1.00
2016.09.22 09:01:23.439,1.78457,1.78496,1.00,1.00
2016.09.22 09:01:23.490,1.78459,1.78496,1.00,1.00
2016.09.22 09:01:23.541,1.78461,1.78496,1.00,1.00
2016.09.22 09:01:23.654,1.78459,1.78496,1.00,1.00
2016.09.22 09:01:23.705,1.78459,1.785,1.00,1.12
2016.09.22 09:01:23.761,1.78459,1.78499,1.00,1.00
2016.09.22 09:01:23.812,1.78461,1.78499,1.00,1.00
2016.09.22 09:01:24.146,1.78461,1.78499,1.00,1.37
2016.09.22 09:01:24.197,1.78461,1.78498,1.00,1.00
2016.09.22 09:01:24.512,1.78461,1.78499,1.00,1.50
2016.09.22 09:01:24.798,1.78461,1.78499,1.00,1.37
2016.09.22 09:01:24.899,1.78459,1.78499,1.00,1.50
2016.09.22 09:01:25.001,1.78459,1.78499,1.00,2.25
2016.09.22 09:01:25.153,1.78458,1.78499,1.00,3.00
2016.09.22 09:01:25.203,1.78458,1.78497,1.00,1.50
2016.09.22 09:01:25.400,1.78458,1.78499,1.00,3.00
2016.09.22 09:01:25.501,1.78458,1.78497,1.00,1.00
2016.09.22 09:01:26.153,1.78458,1.78498,1.00,1.50
2016.09.22 09:01:26.204,1.78458,1.78496,1.00,1.00
2016.09.22 09:01:26.396,1.78458,1.78499,1.00,2.25
2016.09.22 09:01:26.608,1.78459,1.78499,1.00,1.50
2016.09.22 09:01:26.662,1.78457,1.78499,1.00,1.50
2016.09.22 09:01:26.791,1.78458,1.78501,1.00,3.00
2016.09.22 09:01:26.842,1.78458,1.78501,1.00,2.62
2016.09.22 09:01:26.893,1.78458,1.785,1.00,1.12
2016.09.22 09:01:27.055,1.78459,1.78499,1.00,1.00
2016.09.22 09:01:27.106,1.78459,1.78497,1.00,1.00
2016.09.22 09:01:27.207,1.78458,1.78497,1.00,1.12
2016.09.22 09:01:27.308,1.7846,1.78499,1.00,1.50
2016.09.22 09:01:27.359,1.7846,1.78499,1.00,1.50
2016.09.22 09:01:27.470,1.7846,1.78501,1.00,2.25
2016.09.22 09:01:27.521,1.7846,1.78501,1.00,1.75
2016.09.22 09:01:27.572,1.78463,1.78501,1.00,1.75
2016.09.22 09:01:27.623,1.78463,1.785,1.00,1.00
2016.09.22 09:01:27.674,1.78463,1.785,1.00,1.00
2016.09.22 09:01:27.775,1.78461,1.78501,1.00,1.00
2016.09.22 09:01:27.877,1.78462,1.78501,1.00,1.00
2016.09.22 09:01:27.928,1.78464,1.78501,1.00,1.12
2016.09.22 09:01:28.029,1.78462,1.78501,1.00,1.50
2016.09.22 09:01:28.080,1.78462,1.78501,1.00,1.50
2016.09.22 09:01:28.131,1.7846,1.78501,1.00,1.50
2016.09.22 09:01:28.207,1.78464,1.78501,1.00,1.50
2016.09.22 09:01:28.308,1.78462,1.78501,1.00,1.50
2016.09.22 09:01:28.420,1.78462,1.785,1.00,1.87
2016.09.22 09:01:28.559,1.78461,1.78501,1.00,2.25
2016.09.22 09:01:28.610,1.7846,1.78498,1.00,1.00
2016.09.22 09:01:28.661,1.7846,1.78498,1.00,1.00
2016.09.22 09:01:28.737,1.7846,1.78501,1.00,3.00
2016.09.22 09:01:28.788,1.78459,1.78501,1.00,2.25
2016.09.22 09:01:28.876,1.7846,1.785,1.00,1.75
2016.09.22 09:01:29.000,1.78459,1.78501,1.00,3.75
2016.09.22 09:01:29.051,1.78459,1.785,1.00,3.00
2016.09.22 09:01:29.102,1.78459,1.785,1.00,3.75
2016.09.22 09:01:29.561,1.78459,1.785,1.00,3.75
2016.09.22 09:01:30.015,1.78459,1.78499,1.00,1.75
2016.09.22 09:01:30.936,1.78458,1.78499,1.00,2.25
2016.09.22 09:01:30.987,1.78458,1.78496,1.00,1.75
2016.09.22 09:01:31.037,1.78456,1.78496,1.00,1.75
2016.09.22 09:01:31.088,1.78456,1.78495,1.00,1.50
2016.09.22 09:01:31.139,1.78456,1.78493,1.00,1.00
2016.09.22 09:01:31.300,1.78452,1.78492,1.00,1.00
2016.09.22 09:01:31.452,1.7846,1.78495,1.00,1.37
2016.09.22 09:01:31.563,1.78457,1.78494,1.00,1.00
2016.09.22 09:01:31.614,1.7845,1.78493,1.00,1.12
2016.09.22 09:01:31.668,1.78449,1.78492,1.00,1.37
2016.09.22 09:01:31.741,1.78449,1.78492,1.00,2.25
2016.09.22 09:01:31.792,1.78448,1.78489,1.00,1.50
2016.09.22 09:01:31.843,1.78448,1.78489,1.00,1.12
2016.09.22 09:01:31.944,1.78448,1.7849,1.00,1.50
2016.09.22 09:01:31.995,1.78448,1.7849,1.00,2.25
2016.09.22 09:01:32.046,1.78443,1.78486,1.00,1.00
2016.09.22 09:01:32.097,1.78445,1.78487,1.00,1.00
2016.09.22 09:01:32.147,1.78446,1.78488,1.00,1.12
2016.09.22 09:01:32.198,1.78446,1.78489,1.00,1.37
2016.09.22 09:01:32.282,1.78449,1.7849,1.00,1.87
2016.09.22 09:01:32.333,1.78455,1.78496,1.00,1.50
2016.09.22 09:01:32.384,1.78457,1.785,1.00,2.25
2016.09.22 09:01:32.435,1.78457,1.785,1.00,1.75
2016.09.22 09:01:32.486,1.78458,1.78498,1.00,1.37
2016.09.22 09:01:32.537,1.78458,1.78498,1.00,1.12
2016.09.22 09:01:32.587,1.78461,1.78501,1.00,3.00
2016.09.22 09:01:32.638,1.78461,1.78501,1.00,2.62
2016.09.22 09:01:32.739,1.78461,1.785,1.00,1.75
2016.09.22 09:01:33.023,1.78461,1.78501,1.00,2.25
2016.09.22 09:01:33.250,1.78462,1.78499,1.00,1.00
2016.09.22 09:01:33.631,1.78462,1.785,1.00,1.37
2016.09.22 09:01:33.732,1.78461,1.78501,1.00,1.00
2016.09.22 09:01:34.175,1.78462,1.78501,1.00,1.50
2016.09.22 09:01:34.677,1.78462,1.78501,1.00,1.87
2016.09.22 09:01:34.783,1.7846,1.78501,1.00,1.87
2016.09.22 09:01:34.833,1.7846,1.78501,1.00,3.75
2016.09.22 09:01:34.884,1.78461,1.78501,1.00,1.75
2016.09.22 09:01:35.079,1.78461,1.78501,1.00,2.25
2016.09.22 09:01:35.596,1.78461,1.78498,1.00,1.12
2016.09.22 09:01:35.894,1.78461,1.78501,1.00,1.75
2016.09.22 09:01:36.181,1.78461,1.78499,1.00,1.50
2016.09.22 09:01:36.482,1.78461,1.78501,1.00,1.75
2016.09.22 09:01:36.638,1.78461,1.78501,1.00,1.37
2016.09.22 09:01:37.852,1.78461,1.785,1.00,1.12
2016.09.22 09:01:38.615,1.78462,1.785,1.00,1.12
2016.09.22 09:01:39.544,1.7846,1.785,1.00,1.12
2016.09.22 09:01:39.765,1.7846,1.785,1.00,1.00
2016.09.22 09:01:40.393,1.7846,1.78499,1.00,1.00
2016.09.22 09:01:40.649,1.78457,1.78499,1.00,1.00
2016.09.22 09:01:40.700,1.78457,1.78499,1.00,1.12
2016.09.22 09:01:40.824,1.78457,1.78499,1.00,1.00
2016.09.22 09:01:40.875,1.7846,1.78499,1.00,1.37
2016.09.22 09:01:40.925,1.78457,1.78499,1.00,1.87
2016.09.22 09:01:40.976,1.7846,1.78499,1.00,1.75
2016.09.22 09:01:41.027,1.78457,1.78495,1.00,1.37
2016.09.22 09:01:41.077,1.78458,1.78495,1.00,1.75
2016.09.22 09:01:41.128,1.78458,1.78498,1.00,2.62
2016.09.22 09:01:41.179,1.78457,1.78498,1.00,1.00
2016.09.22 09:01:41.230,1.7846,1.785,1.00,1.00
2016.09.22 09:01:41.280,1.78459,1.78501,1.00,1.50
2016.09.22 09:01:41.352,1.78459,1.785,1.00,1.00
2016.09.22 09:01:41.533,1.78459,1.785,1.00,1.00
2016.09.22 09:01:41.584,1.78459,1.78502,1.00,1.12
2016.09.22 09:01:41.635,1.78461,1.78501,1.00,1.00
2016.09.22 09:01:41.744,1.78461,1.78501,1.00,1.37
2016.09.22 09:01:41.896,1.78461,1.78501,1.00,1.00
2016.09.22 09:01:41.998,1.7846,1.78501,1.00,1.00
2016.09.22 09:01:42.504,1.7846,1.78501,1.00,1.12
2016.09.22 09:01:43.344,1.78459,1.78499,1.00,1.00
2016.09.22 09:01:43.395,1.78457,1.785,1.00,1.00
2016.09.22 09:01:43.613,1.78459,1.78501,1.00,1.12
2016.09.22 09:01:43.664,1.78459,1.78502,1.00,1.50
2016.09.22 09:01:43.765,1.78459,1.78501,1.00,1.00
2016.09.22 09:01:43.866,1.78459,1.78502,1.00,1.50
2016.09.22 09:01:44.018,1.78459,1.78499,1.00,1.00
2016.09.22 09:01:44.323,1.78459,1.78499,1.00,1.00
2016.09.22 09:01:45.003,1.7846,1.78501,1.00,1.50
2016.09.22 09:01:45.054,1.78458,1.785,1.00,1.50
2016.09.22 09:01:45.105,1.78458,1.78499,1.00,1.12
2016.09.22 09:01:45.155,1.78458,1.78498,1.00,1.00
2016.09.22 09:01:45.358,1.78459,1.78499,1.00,1.12
2016.09.22 09:01:45.460,1.78459,1.78499,1.00,1.00
2016.09.22 09:01:45.722,1.78462,1.78504,1.00,3.00
2016.09.22 09:01:45.828,1.78462,1.78504,1.00,2.25
2016.09.22 09:01:45.880,1.7846,1.78502,1.00,1.12
2016.09.22 09:01:45.981,1.7846,1.78501,1.00,1.00
2016.09.22 09:01:46.032,1.7846,1.78502,1.00,1.12
2016.09.22 09:01:46.083,1.7846,1.78502,1.00,1.75
2016.09.22 09:01:46.184,1.7846,1.78502,1.00,1.50
2016.09.22 09:01:47.002,1.78458,1.78501,1.00,1.50
2016.09.22 09:01:47.053,1.78458,1.785,1.00,1.12
2016.09.22 09:01:47.270,1.78458,1.785,1.00,1.00
2016.09.22 09:01:47.349,1.78458,1.785,1.00,1.00
2016.09.22 09:01:47.668,1.78459,1.78501,1.00,1.37
2016.09.22 09:01:47.719,1.78457,1.78499,1.00,1.00
2016.09.22 09:01:48.471,1.78457,1.78497,1.00,1.00
2016.09.22 09:01:49.725,1.78457,1.78497,1.00,1.00
2016.09.22 09:01:49.776,1.78457,1.785,1.00,1.00
2016.09.22 09:01:50.028,1.78457,1.785,1.00,1.00
2016.09.22 09:01:50.251,1.78458,1.785,1.00,1.00
2016.09.22 09:01:50.304,1.78458,1.78499,1.00,1.00
2016.09.22 09:01:50.835,1.78458,1.78499,1.00,1.00
2016.09.22 09:01:50.936,1.78459,1.78501,1.00,1.00
2016.09.22 09:01:51.206,1.78459,1.78501,1.00,1.00
2016.09.22 09:01:51.364,1.78461,1.78501,1.00,1.00
2016.09.22 09:01:51.516,1.78459,1.785,1.00,1.00
2016.09.22 09:01:51.716,1.78463,1.78503,1.00,1.50
2016.09.22 09:01:51.768,1.78464,1.78503,1.00,1.00
2016.09.22 09:01:51.819,1.78464,1.78505,1.00,1.00
2016.09.22 09:01:52.213,1.78463,1.78504,1.00,1.00
2016.09.22 09:01:52.314,1.78466,1.78506,1.00,1.12
2016.09.22 09:01:52.365,1.78465,1.78507,1.00,1.50
2016.09.22 09:01:52.467,1.78467,1.78507,1.00,1.12
2016.09.22 09:01:52.518,1.78466,1.78506,1.00,1.00
2016.09.22 09:01:52.619,1.78464,1.78506,1.00,1.00
2016.09.22 09:01:52.848,1.78464,1.78506,1.00,1.00
2016.09.22 09:01:53.090,1.78463,1.78504,1.00,1.00
2016.09.22 09:01:53.141,1.78463,1.78506,1.00,1.00
2016.09.22 09:01:53.192,1.78463,1.78506,1.00,1.75
2016.09.22 09:01:53.495,1.78464,1.78504,1.00,1.00
2016.09.22 09:01:53.597,1.78463,1.78505,1.00,1.37
2016.09.22 09:01:53.691,1.78463,1.78504,1.00,1.12
2016.09.22 09:01:53.831,1.78463,1.78504,1.00,1.12
2016.09.22 09:01:53.912,1.78463,1.78504,1.00,1.12
2016.09.22 09:01:54.114,1.78462,1.78504,1.00,1.12
2016.09.22 09:01:54.346,1.78464,1.78505,1.00,1.37
2016.09.22 09:01:54.397,1.78463,1.78503,1.00,1.00
2016.09.22 09:01:54.945,1.78462,1.78502,1.00,1.00
2016.09.22 09:01:55.199,1.78462,1.78503,1.00,1.12
2016.09.22 09:01:55.250,1.78462,1.78502,1.00,1.00
2016.09.22 09:01:55.577,1.78462,1.78502,1.00,1.50
2016.09.22 09:01:55.828,1.7846,1.78502,1.00,1.50
2016.09.22 09:01:55.879,1.7846,1.78501,1.00,1.00
2016.09.22 09:01:56.031,1.78459,1.78499,1.00,1.00
2016.09.22 09:01:56.149,1.78458,1.78501,1.00,1.00
2016.09.22 09:01:56.333,1.78461,1.78501,1.00,1.00
2016.09.22 09:01:56.444,1.78459,1.78501,1.00,1.00
2016.09.22 09:01:57.016,1.78459,1.785,1.00,1.00
2016.09.22 09:01:57.066,1.78459,1.785,1.00,1.00
2016.09.22 09:01:57.640,1.78458,1.785,1.00,1.00
2016.09.22 09:01:57.742,1.78456,1.78498,1.00,1.00
2016.09.22 09:01:57.988,1.78454,1.78497,1.00,1.00
2016.09.22 09:01:58.039,1.78456,1.78496,1.00,1.00
2016.09.22 09:01:58.206,1.78455,1.78498,1.00,1.00
2016.09.22 09:01:58.523,1.78457,1.78499,1.00,1.00
2016.09.22 09:01:58.792,1.78457,1.78499,1.00,1.37
2016.09.22 09:01:58.911,1.78457,1.78497,1.00,1.00
2016.09.22 09:01:59.063,1.78457,1.785,1.00,1.00
2016.09.22 09:01:59.223,1.78457,1.785,1.00,1.37
2016.09.22 09:01:59.274,1.78457,1.785,1.00,1.50
2016.09.22 09:01:59.502,1.78456,1.78496,1.00,1.00
2016.09.22 09:01:59.877,1.78456,1.78496,1.00,1.00
2016.09.22 09:02:00.312,1.78456,1.78498,1.00,1.00
2016.09.22 09:02:00.829,1.78457,1.78498,1.00,1.00
2016.09.22 09:02:01.433,1.78457,1.78497,1.00,1.00
2016.09.22 09:02:01.746,1.78464,1.785,1.00,1.00
2016.09.22 09:02:01.797,1.78467,1.785,1.00,1.00
2016.09.22 09:02:01.848,1.78466,1.78505,1.00,1.00
2016.09.22 09:02:01.899,1.78466,1.78504,1.00,1.00
2016.09.22 09:02:01.949,1.78465,1.78504,1.00,1.00
2016.09.22 09:02:02.051,1.78464,1.78504,1.00,1.50
2016.09.22 09:02:02.102,1.78462,1.78504,1.00,1.50
2016.09.22 09:02:02.152,1.78462,1.78502,1.00,1.00
2016.09.22 09:02:02.333,1.78464,1.78504,1.00,1.12
2016.09.22 09:02:02.384,1.78464,1.78505,1.00,1.00
2016.09.22 09:02:02.587,1.78464,1.78506,1.00,1.12
2016.09.22 09:02:02.638,1.78465,1.78507,1.00,1.00
2016.09.22 09:02:03.188,1.78465,1.78507,1.00,1.00
2016.09.22 09:02:03.459,1.78465,1.78507,1.00,1.00
2016.09.22 09:02:03.931,1.78465,1.78507,1.00,1.12
2016.09.22 09:02:04.241,1.78466,1.78507,1.00,1.00
2016.09.22 09:02:06.638,1.78466,1.78507,1.00,1.12
2016.09.22 09:02:06.689,1.78466,1.78507,1.00,1.50
2016.09.22 09:02:06.970,1.78466,1.78506,1.00,1.00
2016.09.22 09:02:07.072,1.78463,1.78505,1.00,1.37
2016.09.22 09:02:07.122,1.78462,1.78504,1.00,1.37
2016.09.22 09:02:07.173,1.78462,1.78502,1.00,1.12
2016.09.22 09:02:07.224,1.78462,1.78502,1.00,1.50
2016.09.22 09:02:07.275,1.7846,1.78502,1.00,1.50
2016.09.22 09:02:07.326,1.7846,1.78502,1.00,1.12
2016.09.22 09:02:07.456,1.7846,1.78501,1.00,1.00
2016.09.22 09:02:07.558,1.7846,1.78503,1.00,1.00
2016.09.22 09:02:07.609,1.78462,1.78504,1.00,1.50
2016.09.22 09:02:07.660,1.78462,1.78504,1.00,2.62
2016.09.22 09:02:07.812,1.78463,1.78503,1.00,1.50
2016.09.22 09:02:08.015,1.78463,1.78503,1.00,1.12
2016.09.22 09:02:08.066,1.78463,1.78503,1.00,1.12
2016.09.22 09:02:08.145,1.78463,1.78503,1.00,1.00
2016.09.22 09:02:08.266,1.78456,1.78497,1.00,1.37
2016.09.22 09:02:08.317,1.78452,1.78492,1.00,1.00
2016.09.22 09:02:08.368,1.78449,1.78491,1.00,1.00
2016.09.22 09:02:08.522,1.78451,1.78493,1.00,1.50
2016.09.22 09:02:08.623,1.78451,1.78493,1.00,1.00
2016.09.22 09:02:08.724,1.78453,1.78493,1.00,1.00
2016.09.22 09:02:08.782,1.78453,1.78493,1.00,1.00
2016.09.22 09:02:08.952,1.78453,1.78493,1.00,1.00
2016.09.22 09:02:09.003,1.78453,1.78493,1.00,1.00
2016.09.22 09:02:09.259,1.78451,1.78492,1.00,1.00
2016.09.22 09:02:09.361,1.78449,1.78491,1.00,1.00
2016.09.22 09:02:09.412,1.78451,1.78491,1.00,1.00
2016.09.22 09:02:09.513,1.78448,1.78489,1.00,1.00
2016.09.22 09:02:10.309,1.78447,1.78487,1.00,1.00
2016.09.22 09:02:10.360,1.78444,1.78487,1.00,1.37
2016.09.22 09:02:10.411,1.78444,1.78487,1.00,1.50
2016.09.22 09:02:10.513,1.78444,1.78485,1.00,1.00
2016.09.22 09:02:10.563,1.78442,1.78484,1.00,1.00
2016.09.22 09:02:10.614,1.78441,1.78482,1.00,1.00
2016.09.22 09:02:11.164,1.78441,1.78483,1.00,1.00
2016.09.22 09:02:11.517,1.78441,1.78483,1.00,1.00
2016.09.22 09:02:12.116,1.78444,1.78484,1.00,1.00
2016.09.22 09:02:12.771,1.78442,1.78482,1.00,1.00
2016.09.22 09:02:13.185,1.78443,1.78483,1.00,1.00
2016.09.22 09:02:13.337,1.78443,1.78485,1.00,1.00
2016.09.22 09:02:13.513,1.78443,1.78483,1.00,1.00
2016.09.22 09:02:15.580,1.78441,1.78482,1.00,1.00
2016.09.22 09:02:16.334,1.78441,1.78481,1.00,1.00
2016.09.22 09:02:16.466,1.78437,1.78477,1.12,1.00
2016.09.22 09:02:16.517,1.78437,1.78477,1.00,1.50
2016.09.22 09:02:16.567,1.78435,1.78475,1.00,1.00
2016.09.22 09:02:16.618,1.78435,1.78476,1.00,1.50
2016.09.22 09:02:16.719,1.78433,1.78476,1.00,1.50
2016.09.22 09:02:16.770,1.78437,1.78476,1.00,1.00
2016.09.22 09:02:16.872,1.7844,1.78476,1.00,1.00
2016.09.22 09:02:16.922,1.78441,1.78481,1.00,1.75
2016.09.22 09:02:16.973,1.78442,1.78484,1.00,1.00
2016.09.22 09:02:17.383,1.78443,1.78485,1.00,1.00
2016.09.22 09:02:17.433,1.78443,1.78486,1.00,1.12
2016.09.22 09:02:17.484,1.78442,1.78485,1.00,1.00
2016.09.22 09:02:17.689,1.78442,1.78485,1.00,1.00
2016.09.22 09:02:17.793,1.78444,1.78485,1.00,1.00
2016.09.22 09:02:18.318,1.78444,1.78486,1.00,1.00
2016.09.22 09:02:19.076,1.78443,1.78485,1.00,1.00
2016.09.22 09:02:19.202,1.78443,1.78485,1.00,1.00
2016.09.22 09:02:19.684,1.78443,1.78485,1.00,1.00
2016.09.22 09:02:19.887,1.78442,1.78485,1.00,1.00
2016.09.22 09:02:19.938,1.78442,1.78484,1.00,1.00
2016.09.22 09:02:20.228,1.78442,1.7848,1.00,1.00
2016.09.22 09:02:20.279,1.78439,1.7848,1.00,1.00
2016.09.22 09:02:20.382,1.78438,1.78479,1.00,1.50
2016.09.22 09:02:20.534,1.78438,1.78479,1.00,1.00
2016.09.22 09:02:20.889,1.78437,1.7848,1.00,1.12
2016.09.22 09:02:21.401,1.78438,1.7848,1.00,1.12
2016.09.22 09:02:21.690,1.78438,1.7848,1.00,1.12
2016.09.22 09:02:22.413,1.78438,1.7848,1.00,1.00
2016.09.22 09:02:23.668,1.78438,1.7848,1.00,1.50
2016.09.22 09:02:23.719,1.78431,1.78469,1.00,1.00
2016.09.22 09:02:23.821,1.7843,1.78473,1.00,1.37
2016.09.22 09:02:23.872,1.7843,1.7847,1.00,1.00
2016.09.22 09:02:23.923,1.78426,1.78468,1.00,1.00
2016.09.22 09:02:24.358,1.78427,1.7847,1.00,1.00
2016.09.22 09:02:24.518,1.78429,1.7847,1.00,1.00
2016.09.22 09:02:25.161,1.78428,1.78469,1.00,1.00
2016.09.22 09:02:27.467,1.78429,1.7847,1.00,1.00
2016.09.22 09:02:28.030,1.78428,1.78469,1.00,1.00
2016.09.22 09:02:28.576,1.78427,1.78468,1.00,1.00
2016.09.22 09:02:29.153,1.78427,1.78469,1.00,1.00
2016.09.22 09:02:29.257,1.78427,1.7847,1.00,1.00
2016.09.22 09:02:29.358,1.78427,1.78469,1.00,1.00
2016.09.22 09:02:29.820,1.78425,1.78468,1.00,1.00
2016.09.22 09:02:30.280,1.78427,1.78467,1.00,1.00
2016.09.22 09:02:30.438,1.78427,1.78467,1.00,1.00
2016.09.22 09:02:31.311,1.78427,1.78467,1.00,1.00
2016.09.22 09:02:31.577,1.78428,1.78469,1.00,1.00
2016.09.22 09:02:31.729,1.78428,1.78471,1.00,1.00
2016.09.22 09:02:31.884,1.78429,1.78472,1.00,1.50
2016.09.22 09:02:31.935,1.78431,1.78472,1.00,1.50
2016.09.22 09:02:31.985,1.78431,1.78472,1.00,2.25
2016.09.22 09:02:32.147,1.78431,1.78472,1.00,1.50
2016.09.22 09:02:32.419,1.78434,1.78472,1.00,1.00
2016.09.22 09:02:32.935,1.78435,1.78472,1.00,1.00
2016.09.22 09:02:32.985,1.78433,1.78472,1.00,1.00
2016.09.22 09:02:33.733,1.78432,1.78472,1.00,1.00
2016.09.22 09:02:33.936,1.7843,1.78472,1.00,1.50
2016.09.22 09:02:33.987,1.78429,1.78472,1.00,1.87
2016.09.22 09:02:34.037,1.7843,1.7847,1.00,1.00
2016.09.22 09:02:34.139,1.78428,1.78471,1.00,1.00
2016.09.22 09:02:34.240,1.78428,1.7847,1.00,1.50
2016.09.22 09:02:34.703,1.78428,1.7847,1.00,1.00
2016.09.22 09:02:35.389,1.78427,1.78469,1.00,1.00
2016.09.22 09:02:35.592,1.78426,1.78467,1.00,1.00
2016.09.22 09:02:36.268,1.78426,1.78466,1.00,1.00
2016.09.22 09:02:36.527,1.78426,1.78466,1.00,1.00
2016.09.22 09:02:37.145,1.78425,1.78466,1.00,1.00
2016.09.22 09:02:37.752,1.78423,1.78464,1.00,1.00
2016.09.22 09:02:37.904,1.78423,1.78466,1.00,1.00
2016.09.22 09:02:38.057,1.78423,1.78464,1.00,1.00
2016.09.22 09:02:38.108,1.78419,1.78447,1.00,1.00
2016.09.22 09:02:38.160,1.78404,1.7844,1.37,1.00
2016.09.22 09:02:38.211,1.78406,1.78448,1.00,1.37
2016.09.22 09:02:38.262,1.78401,1.78441,1.00,1.00
2016.09.22 09:02:38.313,1.78398,1.78441,1.12,1.12
2016.09.22 09:02:38.364,1.78397,1.78438,1.00,1.00
2016.09.22 09:02:38.691,1.78396,1.78436,1.00,1.00
2016.09.22 09:02:38.894,1.78397,1.78438,1.00,1.00
2016.09.22 09:02:38.995,1.78395,1.78436,1.00,1.00
2016.09.22 09:02:39.046,1.78393,1.78436,1.00,1.00
2016.09.22 09:02:39.553,1.78394,1.78437,1.00,1.00
2016.09.22 09:02:40.308,1.78395,1.78435,1.00,1.00
2016.09.22 09:02:40.428,1.78394,1.78434,1.00,1.37
2016.09.22 09:02:40.479,1.78393,1.78432,1.00,1.50
2016.09.22 09:02:40.530,1.78392,1.78432,1.00,2.25
2016.09.22 09:02:40.631,1.78392,1.78432,1.00,1.12
2016.09.22 09:02:40.682,1.78392,1.78432,1.00,1.00
2016.09.22 09:02:42.341,1.78394,1.78432,1.00,1.00
2016.09.22 09:02:42.391,1.78395,1.78438,1.00,1.75
2016.09.22 09:02:42.625,1.78397,1.78438,1.00,1.37
2016.09.22 09:02:42.676,1.78398,1.78439,1.00,1.50
2016.09.22 09:02:42.727,1.78397,1.78439,1.00,1.12
2016.09.22 09:02:42.828,1.78396,1.78439,1.00,1.37
2016.09.22 09:02:42.930,1.78396,1.78437,1.00,1.00
2016.09.22 09:02:43.184,1.78396,1.78439,1.00,1.37
2016.09.22 09:02:43.235,1.78397,1.7844,1.00,2.62
2016.09.22 09:02:43.285,1.78399,1.7844,1.00,2.25
2016.09.22 09:02:43.589,1.78395,1.78438,1.00,1.50
2016.09.22 09:02:43.739,1.78395,1.78436,1.00,1.00
2016.09.22 09:02:43.840,1.78397,1.78437,1.00,1.12
2016.09.22 09:02:43.942,1.78396,1.78437,1.00,1.37
2016.09.22 09:02:43.992,1.78396,1.78437,1.00,1.75
2016.09.22 09:02:44.296,1.78395,1.78435,1.00,1.12
2016.09.22 09:02:44.348,1.78394,1.78435,1.00,1.37
2016.09.22 09:02:44.399,1.7839,1.78433,1.00,1.75
2016.09.22 09:02:44.450,1.78389,1.7843,1.00,1.37
2016.09.22 09:02:44.501,1.78389,1.78431,1.00,1.75
2016.09.22 09:02:44.552,1.78392,1.78433,1.00,1.75
2016.09.22 09:02:44.679,1.78391,1.78434,1.00,2.25
2016.09.22 09:02:44.731,1.78391,1.78431,1.00,1.50
2016.09.22 09:02:44.782,1.78394,1.78433,1.00,1.75
2016.09.22 09:02:44.833,1.78393,1.78434,1.00,1.87
2016.09.22 09:02:44.884,1.78392,1.78433,1.00,1.37
2016.09.22 09:02:44.935,1.78393,1.78433,1.00,1.00
2016.09.22 09:02:45.356,1.78389,1.7843,1.00,1.00
2016.09.22 09:02:45.407,1.78386,1.78429,1.00,1.00
2016.09.22 09:02:45.457,1.78386,1.78429,1.00,1.12
2016.09.22 09:02:45.508,1.78383,1.78426,1.00,1.00
2016.09.22 09:02:45.660,1.78383,1.78424,1.00,1.00
2016.09.22 09:02:45.711,1.78383,1.78426,1.00,1.12
2016.09.22 09:02:45.769,1.78383,1.78426,1.00,1.00
2016.09.22 09:02:46.080,1.78388,1.78428,1.00,1.00
2016.09.22 09:02:46.131,1.7839,1.7843,1.00,1.37
2016.09.22 09:02:46.183,1.78387,1.7843,1.00,1.37
2016.09.22 09:02:46.234,1.78387,1.7843,1.00,1.00
2016.09.22 09:02:46.387,1.78387,1.7843,1.00,1.50
2016.09.22 09:02:46.438,1.78386,1.78429,1.00,1.00
2016.09.22 09:02:46.590,1.78388,1.78428,1.00,1.00
2016.09.22 09:02:46.641,1.78389,1.7843,1.00,1.00
2016.09.22 09:02:46.692,1.78391,1.78431,1.00,1.00
2016.09.22 09:02:47.215,1.7839,1.78433,1.00,1.50
2016.09.22 09:02:47.266,1.78393,1.78433,1.00,1.00
2016.09.22 09:02:47.418,1.78395,1.78436,1.00,1.00
2016.09.22 09:02:47.469,1.78395,1.78436,1.00,1.12
2016.09.22 09:02:47.520,1.78395,1.78436,1.00,1.50
2016.09.22 09:02:47.571,1.78392,1.78435,1.00,1.00
2016.09.22 09:02:47.622,1.78396,1.78434,1.00,1.00
2016.09.22 09:02:47.949,1.78394,1.78433,1.00,1.00
2016.09.22 09:02:48.101,1.78397,1.78434,1.00,1.00
2016.09.22 09:02:48.203,1.78397,1.78437,1.00,1.12
2016.09.22 09:02:48.355,1.78396,1.78437,1.00,1.37
2016.09.22 09:02:48.941,1.78394,1.78436,1.00,1.12
2016.09.22 09:02:49.043,1.78394,1.78435,1.00,1.00
2016.09.22 09:02:49.094,1.78394,1.78437,1.00,1.37
2016.09.22 09:02:49.146,1.78395,1.78438,1.00,1.50
2016.09.22 09:02:49.682,1.78396,1.78438,1.00,1.50
2016.09.22 09:02:50.818,1.78395,1.78438,1.00,1.50
2016.09.22 09:02:51.294,1.78396,1.78439,1.00,1.75
2016.09.22 09:02:51.607,1.78394,1.78437,1.00,1.12
2016.09.22 09:02:51.738,1.78392,1.78434,1.00,1.00
2016.09.22 09:02:51.789,1.78391,1.78434,1.00,1.12
2016.09.22 09:02:51.840,1.78391,1.78434,1.00,1.50
2016.09.22 09:02:51.958,1.78391,1.78434,1.00,1.12
2016.09.22 09:02:52.008,1.78391,1.78434,1.00,1.00
2016.09.22 09:02:52.514,1.78392,1.78433,1.00,1.00
2016.09.22 09:02:53.359,1.78392,1.78435,1.00,1.00
2016.09.22 09:02:54.356,1.78392,1.78435,1.00,1.37
2016.09.22 09:02:54.460,1.78398,1.78437,1.00,1.37
2016.09.22 09:02:54.511,1.78395,1.78437,1.00,1.50
2016.09.22 09:02:54.562,1.784,1.78437,1.00,1.00
2016.09.22 09:02:54.612,1.78401,1.78442,1.00,1.50
2016.09.22 09:02:54.663,1.78401,1.78442,1.00,1.00
2016.09.22 09:02:55.000,1.78396,1.78439,1.00,1.00
2016.09.22 09:02:55.315,1.78392,1.78434,1.00,1.00
2016.09.22 09:02:55.842,1.78394,1.78434,1.00,1.00
2016.09.22 09:02:56.344,1.78393,1.78434,1.00,1.00
2016.09.22 09:02:56.737,1.78393,1.78434,1.00,1.50
2016.09.22 09:02:57.902,1.78393,1.78434,1.00,1.00
2016.09.22 09:02:58.207,1.78397,1.78433,1.00,1.00
2016.09.22 09:02:58.741,1.78396,1.78434,1.00,1.00
2016.09.22 09:02:59.260,1.78395,1.78433,1.00,1.00
2016.09.22 09:02:59.520,1.78395,1.78437,1.00,1.37
2016.09.22 09:02:59.571,1.78395,1.78438,1.00,1.50
2016.09.22 09:03:00.112,1.78395,1.78436,1.00,1.00
2016.09.22 09:03:00.395,1.78393,1.78435,1.00,1.00
2016.09.22 09:03:00.497,1.78393,1.78436,1.00,1.12
2016.09.22 09:03:00.547,1.78393,1.78435,1.00,1.00
2016.09.22 09:03:00.696,1.78393,1.78435,1.00,1.37
2016.09.22 09:03:00.747,1.7839,1.78433,1.00,1.50
2016.09.22 09:03:00.798,1.78395,1.78433,1.00,1.37
2016.09.22 09:03:00.899,1.78395,1.78433,1.00,1.00
2016.09.22 09:03:00.950,1.78404,1.78439,1.00,1.75
2016.09.22 09:03:01.051,1.78405,1.78448,1.00,1.75
2016.09.22 09:03:01.102,1.78403,1.78444,1.00,1.75
2016.09.22 09:03:01.153,1.78404,1.78447,1.00,1.00
2016.09.22 09:03:01.204,1.78404,1.78447,1.00,1.37
2016.09.22 09:03:01.305,1.78404,1.78447,1.00,1.12
2016.09.22 09:03:01.403,1.78404,1.78447,1.00,1.87
2016.09.22 09:03:01.454,1.78402,1.78443,1.00,1.00
2016.09.22 09:03:01.765,1.784,1.7844,1.00,1.00
2016.09.22 09:03:02.617,1.78398,1.7844,1.00,1.00
2016.09.22 09:03:02.820,1.784,1.7844,1.00,1.00
2016.09.22 09:03:03.196,1.78386,1.78427,1.37,1.00
2016.09.22 09:03:03.247,1.78385,1.78425,1.00,1.00
2016.09.22 09:03:03.399,1.78382,1.78425,1.00,1.00
2016.09.22 09:03:03.905,1.78383,1.78424,1.00,1.00
2016.09.22 09:03:04.321,1.78384,1.78427,1.00,1.00
2016.09.22 09:03:04.994,1.78383,1.78426,1.00,1.00
2016.09.22 09:03:05.147,1.78386,1.78427,1.00,1.00
2016.09.22 09:03:05.249,1.78384,1.78427,1.00,1.00
2016.09.22 09:03:05.367,1.78384,1.78424,1.00,1.12
2016.09.22 09:03:05.606,1.78382,1.78425,1.00,1.50
2016.09.22 09:03:05.758,1.78383,1.78426,1.00,2.25
2016.09.22 09:03:05.859,1.78385,1.78426,1.00,1.87
2016.09.22 09:03:05.910,1.78384,1.78425,1.00,1.00
2016.09.22 09:03:05.960,1.78385,1.78426,1.00,1.50
2016.09.22 09:03:06.011,1.78385,1.78426,1.00,1.00
2016.09.22 09:03:06.062,1.78386,1.78428,1.00,2.25
2016.09.22 09:03:06.163,1.78388,1.78428,1.00,1.00
2016.09.22 09:03:06.214,1.78388,1.78431,1.00,1.12
2016.09.22 09:03:06.308,1.78388,1.78431,1.00,1.50
2016.09.22 09:03:06.359,1.78387,1.78429,1.00,1.50
2016.09.22 09:03:06.410,1.78386,1.78429,1.00,1.87
2016.09.22 09:03:06.612,1.78386,1.78427,1.00,1.00
2016.09.22 09:03:07.045,1.78389,1.7843,1.00,1.37
2016.09.22 09:03:07.197,1.7839,1.78431,1.00,1.00
2016.09.22 09:03:07.299,1.78393,1.78436,1.00,1.50
2016.09.22 09:03:07.350,1.78393,1.78435,1.00,1.00
2016.09.22 09:03:07.451,1.78394,1.78434,1.00,1.00
2016.09.22 09:03:07.705,1.78393,1.78435,1.00,1.00
2016.09.22 09:03:09.878,1.78395,1.78435,1.00,1.00
2016.09.22 09:03:10.182,1.784,1.78436,1.00,1.00
2016.09.22 09:03:10.233,1.78397,1.78436,1.50,1.00
2016.09.22 09:03:10.284,1.78397,1.78436,1.00,1.50
2016.09.22 09:03:10.335,1.78393,1.78436,1.00,1.87
2016.09.22 09:03:10.385,1.78392,1.78435,1.00,1.12
2016.09.22 09:03:10.457,1.78392,1.78435,1.00,1.50
2016.09.22 09:03:10.509,1.78392,1.78433,1.00,1.75
2016.09.22 09:03:10.661,1.78392,1.78432,1.00,1.37
2016.09.22 09:03:10.712,1.78392,1.78433,1.00,1.50
2016.09.22 09:03:10.864,1.78392,1.78433,1.00,1.12
2016.09.22 09:03:10.914,1.78392,1.78434,1.00,1.00
2016.09.22 09:03:10.965,1.78392,1.78435,1.00,1.37
2016.09.22 09:03:11.016,1.78392,1.78435,1.00,1.00
2016.09.22 09:03:11.320,1.78394,1.78436,1.00,1.12
2016.09.22 09:03:11.371,1.78394,1.78436,1.00,1.50
2016.09.22 09:03:12.207,1.78394,1.78436,1.00,1.12
2016.09.22 09:03:12.258,1.78394,1.78436,1.00,1.00
2016.09.22 09:03:12.551,1.78394,1.78435,1.00,1.00
2016.09.22 09:03:12.789,1.78395,1.78436,1.00,1.50
2016.09.22 09:03:12.891,1.78393,1.78436,1.00,1.50
2016.09.22 09:03:14.077,1.78394,1.78436,1.00,1.50
2016.09.22 09:03:14.127,1.78394,1.78436,1.00,1.00
2016.09.22 09:03:14.402,1.78396,1.78439,1.00,1.87
2016.09.22 09:03:14.453,1.78396,1.78439,1.00,1.50
2016.09.22 09:03:15.158,1.78396,1.78439,1.00,1.75
2016.09.22 09:03:15.209,1.78396,1.78437,1.00,1.37
2016.09.22 09:03:15.260,1.78396,1.78435,1.00,1.00
2016.09.22 09:03:15.361,1.78396,1.78439,1.00,1.75
2016.09.22 09:03:17.672,1.78396,1.78438,1.00,1.00
2016.09.22 09:03:17.774,1.78396,1.78438,1.00,1.00
2016.09.22 09:03:17.824,1.78396,1.78439,1.00,1.75
2016.09.22 09:03:17.875,1.78395,1.78436,1.00,1.12
2016.09.22 09:03:17.926,1.78396,1.78437,1.00,1.50
2016.09.22 09:03:17.977,1.78396,1.78436,1.00,1.00
2016.09.22 09:03:18.144,1.78394,1.78436,1.00,1.00
2016.09.22 09:03:18.195,1.78394,1.78437,1.00,1.50
2016.09.22 09:03:19.878,1.78395,1.78437,1.00,1.00
2016.09.22 09:03:20.147,1.78395,1.78438,1.00,1.75
2016.09.22 09:03:20.198,1.78394,1.78437,1.00,1.75
2016.09.22 09:03:20.249,1.78391,1.78432,1.00,1.37
2016.09.22 09:03:20.300,1.78391,1.7843,1.00,1.00
2016.09.22 09:03:20.351,1.78388,1.78431,1.00,1.75
2016.09.22 09:03:20.580,1.78388,1.78428,1.00,1.00
2016.09.22 09:03:21.035,1.7839,1.78428,1.00,1.00
2016.09.22 09:03:21.136,1.7839,1.78431,1.00,1.87
2016.09.22 09:03:21.188,1.7839,1.78431,1.00,1.12
2016.09.22 09:03:21.238,1.7839,1.78431,1.00,1.00
2016.09.22 09:03:21.544,1.78393,1.78431,1.00,1.00
2016.09.22 09:03:21.595,1.78393,1.78434,1.00,1.50
2016.09.22 09:03:23.186,1.78392,1.78434,1.00,1.50
2016.09.22 09:03:23.236,1.7839,1.78433,1.00,1.75
2016.09.22 09:03:23.287,1.7839,1.78431,1.00,1.37
2016.09.22 09:03:23.338,1.7839,1.7843,1.00,1.00
2016.09.22 09:03:23.439,1.78391,1.78432,1.00,3.00
2016.09.22 09:03:23.536,1.7839,1.78431,1.00,1.75
2016.09.22 09:03:23.746,1.78389,1.78428,1.00,1.00
2016.09.22 09:03:23.847,1.78389,1.78432,1.00,3.00
2016.09.22 09:03:23.898,1.78389,1.7843,1.00,1.75
2016.09.22 09:03:24.433,1.78388,1.78431,1.00,1.75
2016.09.22 09:03:25.318,1.78387,1.7843,1.00,1.75
2016.09.22 09:03:26.181,1.78386,1.78429,1.00,1.50
2016.09.22 09:03:26.231,1.78386,1.78427,1.00,1.00
2016.09.22 09:03:26.732,1.78387,1.7843,1.00,1.75
2016.09.22 09:03:27.267,1.78388,1.78431,1.00,1.75
2016.09.22 09:03:28.164,1.78388,1.78429,1.00,1.75
2016.09.22 09:03:28.215,1.78385,1.78429,1.00,1.75
2016.09.22 09:03:28.266,1.78385,1.78426,1.00,1.50
2016.09.22 09:03:28.316,1.78385,1.78423,1.00,1.00
2016.09.22 09:03:28.367,1.78385,1.78426,1.00,1.75
2016.09.22 09:03:28.418,1.78382,1.78425,1.00,1.12
2016.09.22 09:03:28.469,1.78382,1.78425,1.00,1.37
2016.09.22 09:03:28.519,1.78383,1.78426,1.00,1.75
2016.09.22 09:03:28.570,1.78383,1.78424,1.00,1.12
2016.09.22 09:03:28.621,1.78383,1.78423,1.00,1.00
2016.09.22 09:03:28.672,1.78383,1.78423,1.00,1.12
2016.09.22 09:03:28.783,1.78383,1.78423,1.00,1.00
2016.09.22 09:03:28.908,1.78385,1.78426,1.00,1.12
2016.09.22 09:03:28.959,1.78386,1.78427,1.00,1.87
2016.09.22 09:03:29.010,1.78386,1.78426,1.00,1.00
2016.09.22 09:03:29.212,1.78387,1.78429,1.00,1.00
2016.09.22 09:03:29.521,1.78389,1.7843,1.00,1.75
2016.09.22 09:03:29.572,1.78389,1.78428,1.00,1.00
2016.09.22 09:03:30.122,1.78388,1.78428,1.00,1.00
2016.09.22 09:03:30.173,1.7839,1.78428,1.00,1.00
2016.09.22 09:03:30.224,1.78388,1.78429,1.00,1.50
2016.09.22 09:03:30.275,1.78389,1.7843,1.00,1.75
2016.09.22 09:03:30.326,1.78389,1.7843,1.00,1.37
2016.09.22 09:03:30.377,1.78387,1.7843,1.00,1.37
2016.09.22 09:03:30.428,1.78388,1.78431,1.00,1.75
2016.09.22 09:03:30.580,1.7839,1.78431,1.00,1.75
2016.09.22 09:03:31.127,1.78389,1.7843,1.00,1.50
2016.09.22 09:03:31.178,1.7839,1.78433,1.00,1.37
2016.09.22 09:03:31.229,1.78387,1.7843,1.75,1.00
2016.09.22 09:03:31.280,1.78387,1.78428,1.37,1.00
2016.09.22 09:03:31.330,1.78388,1.7843,1.00,1.12
2016.09.22 09:03:31.699,1.78389,1.7843,1.00,1.37
2016.09.22 09:03:31.750,1.78389,1.7843,1.00,1.75
2016.09.22 09:03:31.801,1.78389,1.78432,1.00,1.75
2016.09.22 09:03:31.852,1.78389,1.78427,1.00,1.00
2016.09.22 09:03:32.341,1.78389,1.78432,1.00,1.75
2016.09.22 09:03:32.392,1.78389,1.78432,1.00,3.00
2016.09.22 09:03:32.815,1.78386,1.78427,1.00,1.12
2016.09.22 09:03:32.865,1.78386,1.78427,1.00,1.00
2016.09.22 09:03:32.916,1.78388,1.78428,1.00,1.00
2016.09.22 09:03:33.366,1.78388,1.7843,1.00,2.25
2016.09.22 09:03:33.468,1.78388,1.78429,1.00,1.75
2016.09.22 09:03:33.569,1.78389,1.78432,1.00,3.00
2016.09.22 09:03:33.620,1.78389,1.78432,1.00,3.00
2016.09.22 09:03:33.913,1.78389,1.78427,1.00,1.00
2016.09.22 09:03:34.169,1.78389,1.78431,1.00,2.25
2016.09.22 09:03:34.220,1.78387,1.7843,1.00,1.75
2016.09.22 09:03:34.270,1.78389,1.7843,1.00,1.75
2016.09.22 09:03:35.020,1.78386,1.78429,1.00,1.75
2016.09.22 09:03:35.121,1.78384,1.78425,1.00,1.50
2016.09.22 09:03:35.327,1.78385,1.78428,1.00,1.75
2016.09.22 09:03:35.378,1.78387,1.78428,1.00,1.75
2016.09.22 09:03:35.428,1.78386,1.78427,1.00,1.75
2016.09.22 09:03:35.479,1.78386,1.78429,1.00,2.25
2016.09.22 09:03:35.530,1.78386,1.78427,1.00,1.75
2016.09.22 09:03:35.580,1.78387,1.78429,1.00,1.75
2016.09.22 09:03:35.682,1.78386,1.78429,1.00,2.25
2016.09.22 09:03:35.732,1.78387,1.78429,1.00,1.75
2016.09.22 09:03:35.834,1.78384,1.78427,1.00,1.75
2016.09.22 09:03:36.274,1.78384,1.78425,1.00,1.00
2016.09.22 09:03:36.324,1.78384,1.78425,1.00,1.12
2016.09.22 09:03:36.375,1.78385,1.78426,1.00,1.50
2016.09.22 09:03:36.426,1.78382,1.78425,1.00,1.75
2016.09.22 09:03:36.477,1.78382,1.78423,1.00,1.75
2016.09.22 09:03:36.527,1.78379,1.78421,1.00,1.37
2016.09.22 09:03:36.578,1.78378,1.78421,1.00,1.00
2016.09.22 09:03:36.629,1.78378,1.78421,1.00,1.00
2016.09.22 09:03:36.680,1.78377,1.7842,1.00,1.00
2016.09.22 09:03:37.028,1.78379,1.78422,1.00,1.12
2016.09.22 09:03:37.079,1.78378,1.78421,1.00,1.00
2016.09.22 09:03:37.573,1.7838,1.78423,1.00,1.50
2016.09.22 09:03:37.624,1.78379,1.7842,1.00,1.00
2016.09.22 09:03:37.725,1.78393,1.78424,1.00,1.00
2016.09.22 09:03:37.853,1.78391,1.78432,1.00,1.87
2016.09.22 09:03:37.904,1.78391,1.78434,1.00,1.87
2016.09.22 09:03:37.955,1.78391,1.78434,1.00,2.25
2016.09.22 09:03:38.110,1.7839,1.78433,1.00,1.75
2016.09.22 09:03:38.160,1.7839,1.78431,1.00,1.75
2016.09.22 09:03:38.212,1.78388,1.78431,1.00,1.75
2016.09.22 09:03:38.313,1.78386,1.7843,1.37,1.37
2016.09.22 09:03:38.364,1.7839,1.78433,1.00,1.50
2016.09.22 09:03:38.415,1.78389,1.78432,1.00,1.37
2016.09.22 09:03:38.466,1.78389,1.78432,1.00,1.50
2016.09.22 09:03:38.655,1.7839,1.78431,1.00,1.12
2016.09.22 09:03:38.767,1.78388,1.78431,1.00,1.12
2016.09.22 09:03:38.818,1.78388,1.78429,1.00,1.37
2016.09.22 09:03:38.869,1.78385,1.78428,1.00,1.12
2016.09.22 09:03:39.122,1.78385,1.78428,1.00,1.00
2016.09.22 09:03:39.989,1.78385,1.78428,1.00,1.12
2016.09.22 09:03:40.091,1.78385,1.78428,1.00,1.50
2016.09.22 09:03:40.192,1.78384,1.78425,1.00,1.12
2016.09.22 09:03:40.527,1.78384,1.78427,1.00,1.50
2016.09.22 09:03:40.578,1.78386,1.78429,1.00,1.50
2016.09.22 09:03:40.629,1.78387,1.78428,1.00,1.37
2016.09.22 09:03:40.882,1.78386,1.78427,1.00,1.12
2016.09.22 09:03:40.933,1.78383,1.78426,1.50,1.00
2016.09.22 09:03:40.983,1.78385,1.78428,1.00,1.37
2016.09.22 09:03:41.034,1.78383,1.78428,1.00,1.37
2016.09.22 09:03:41.085,1.78384,1.78427,1.00,1.12
2016.09.22 09:03:41.136,1.78383,1.78426,1.50,1.00
2016.09.22 09:03:41.237,1.78387,1.78428,1.00,1.37
2016.09.22 09:03:41.288,1.78384,1.78427,1.00,1.12
2016.09.22 09:03:41.338,1.78387,1.78428,1.00,1.37
2016.09.22 09:03:41.440,1.78387,1.78428,1.00,1.37
2016.09.22 09:03:41.692,1.78383,1.78426,1.50,1.00
2016.09.22 09:03:41.743,1.78386,1.78429,1.00,1.50
2016.09.22 09:03:41.996,1.78383,1.78426,1.50,1.00
2016.09.22 09:03:42.046,1.78383,1.78424,1.50,1.00
2016.09.22 09:03:42.097,1.78386,1.78427,1.00,1.12
2016.09.22 09:03:42.148,1.78383,1.78425,1.00,1.00
2016.09.22 09:03:42.199,1.78385,1.78428,1.00,1.37
2016.09.22 09:03:42.250,1.78383,1.78427,1.50,1.12
2016.09.22 09:03:42.301,1.78381,1.78428,1.00,1.37
2016.09.22 09:03:42.352,1.78386,1.78427,1.00,1.12
2016.09.22 09:03:42.403,1.78387,1.78428,1.00,1.37
2016.09.22 09:03:42.454,1.78384,1.78425,1.00,1.00
2016.09.22 09:03:42.870,1.78385,1.78428,1.00,1.37
2016.09.22 09:03:43.174,1.78384,1.78426,1.00,1.00
2016.09.22 09:03:43.378,1.7838,1.78423,1.00,1.00
2016.09.22 09:03:43.429,1.78385,1.78426,1.00,1.00
2016.09.22 09:03:43.480,1.78386,1.78429,1.00,1.37
2016.09.22 09:03:43.531,1.78388,1.78431,1.00,1.75
2016.09.22 09:03:43.583,1.78388,1.78431,1.00,1.50
2016.09.22 09:03:43.634,1.78388,1.78429,1.00,1.12
2016.09.22 09:03:43.685,1.78388,1.78429,1.00,1.50
2016.09.22 09:03:43.849,1.78386,1.7843,1.00,1.75
2016.09.22 09:03:44.118,1.78388,1.78429,1.00,1.00
2016.09.22 09:03:44.219,1.78389,1.7843,1.00,1.75
2016.09.22 09:03:44.270,1.78389,1.78428,1.00,1.00
2016.09.22 09:03:44.523,1.78388,1.78429,1.00,1.50
2016.09.22 09:03:44.574,1.7839,1.78429,1.00,1.00
2016.09.22 09:03:44.675,1.78388,1.78429,1.00,1.50
2016.09.22 09:03:44.726,1.78388,1.78429,1.00,1.00
2016.09.22 09:03:44.777,1.78386,1.78427,1.00,1.00
2016.09.22 09:03:44.828,1.78388,1.78431,1.00,1.75
2016.09.22 09:03:44.975,1.78382,1.78425,1.00,1.50
2016.09.22 09:03:45.076,1.78382,1.78425,1.00,1.75
2016.09.22 09:03:45.127,1.78381,1.78422,1.00,1.37
2016.09.22 09:03:45.178,1.78381,1.78422,1.00,1.75
2016.09.22 09:03:45.229,1.78382,1.78423,1.00,3.00
2016.09.22 09:03:45.280,1.7838,1.78421,1.00,1.75
2016.09.22 09:03:45.331,1.7838,1.78423,1.00,1.75
2016.09.22 09:03:45.381,1.7838,1.7842,1.00,1.00
2016.09.22 09:03:45.432,1.78381,1.78424,1.00,3.00
2016.09.22 09:03:45.483,1.78381,1.78419,1.00,1.00
2016.09.22 09:03:45.534,1.78381,1.78424,1.00,3.00
2016.09.22 09:03:45.585,1.78381,1.78424,1.00,1.75
2016.09.22 09:03:45.789,1.78378,1.78421,1.00,1.50
2016.09.22 09:03:45.864,1.78378,1.78421,1.00,1.75
2016.09.22 09:03:45.965,1.78375,1.78418,1.00,1.50
2016.09.22 09:03:46.016,1.78379,1.78422,1.00,3.00
2016.09.22 09:03:46.067,1.78381,1.78422,1.00,3.00
2016.09.22 09:03:46.118,1.78377,1.7842,1.00,1.75
2016.09.22 09:03:46.169,1.78381,1.78422,1.00,3.00
2016.09.22 09:03:46.422,1.7838,1.78421,1.00,1.75
2016.09.22 09:03:46.472,1.78381,1.78422,1.00,3.00
2016.09.22 09:03:46.523,1.78377,1.7842,1.00,1.75
2016.09.22 09:03:46.574,1.78381,1.78422,1.00,3.00
2016.09.22 09:03:46.675,1.78378,1.78419,1.00,1.75
2016.09.22 09:03:46.726,1.7838,1.78422,1.00,2.25
2016.09.22 09:03:47.057,1.78379,1.7842,1.00,1.75
2016.09.22 09:03:47.108,1.78376,1.78419,1.12,1.75
2016.09.22 09:03:47.159,1.78378,1.78419,1.00,1.75
2016.09.22 09:03:47.209,1.78375,1.78418,2.25,1.12
2016.09.22 09:03:47.260,1.78378,1.78421,1.00,1.75
2016.09.22 09:03:47.514,1.78379,1.7842,1.00,1.50
2016.09.22 09:03:47.564,1.78378,1.78422,1.00,1.75
2016.09.22 09:03:47.666,1.78377,1.78418,1.12,1.12
2016.09.22 09:03:47.717,1.78377,1.78418,1.00,1.50
2016.09.22 09:03:48.832,1.78377,1.78418,1.00,1.00
2016.09.22 09:03:49.089,1.78376,1.78417,1.00,1.00
2016.09.22 09:03:49.140,1.78379,1.78418,1.00,1.00
2016.09.22 09:03:49.191,1.78377,1.7842,1.00,1.75
2016.09.22 09:03:49.445,1.78378,1.78419,1.00,1.50
2016.09.22 09:03:49.547,1.7838,1.78419,1.00,1.00
2016.09.22 09:03:49.597,1.78378,1.78419,1.00,1.12
2016.09.22 09:03:49.648,1.78377,1.78418,1.12,1.12
2016.09.22 09:03:49.699,1.7838,1.78421,1.00,1.75
2016.09.22 09:03:49.750,1.7838,1.78423,1.00,3.00
2016.09.22 09:03:49.800,1.78377,1.7842,1.12,1.75
2016.09.22 09:03:49.914,1.7838,1.78423,1.00,3.00
2016.09.22 09:03:49.966,1.78379,1.7842,1.00,1.75
2016.09.22 09:03:50.068,1.78379,1.78419,1.00,1.50
2016.09.22 09:03:50.170,1.78381,1.78422,1.00,1.75
2016.09.22 09:03:50.323,1.7838,1.78422,1.00,2.25
2016.09.22 09:03:50.424,1.7838,1.78418,1.00,1.00
2016.09.22 09:03:50.475,1.7838,1.78423,1.00,3.00
2016.09.22 09:03:50.664,1.7838,1.78419,1.00,1.00
2016.09.22 09:03:50.715,1.7838,1.78423,1.00,1.75
2016.09.22 09:03:50.765,1.7838,1.78421,1.00,1.50
2016.09.22 09:03:50.816,1.78379,1.7842,1.00,1.37
2016.09.22 09:03:50.867,1.78378,1.78418,1.00,1.12
2016.09.22 09:03:50.919,1.7838,1.78423,1.00,3.00
2016.09.22 09:03:51.007,1.78378,1.78419,1.00,1.37
2016.09.22 09:03:51.058,1.78381,1.78422,1.00,1.75
2016.09.22 09:03:51.113,1.78381,1.78423,1.00,1.75
2016.09.22 09:03:51.191,1.78379,1.7842,1.00,1.50
2016.09.22 09:03:51.242,1.7838,1.78423,1.00,3.00
2016.09.22 09:03:51.292,1.78379,1.78418,1.00,1.00
2016.09.22 09:03:51.647,1.78379,1.78422,1.00,3.00
2016.09.22 09:03:51.748,1.78379,1.78418,1.00,1.00
2016.09.22 09:03:51.849,1.7838,1.78423,1.00,3.00
2016.09.22 09:03:51.960,1.7838,1.78423,1.00,1.75
2016.09.22 09:03:52.085,1.7838,1.78423,1.00,1.75
2016.09.22 09:03:52.186,1.78379,1.7842,1.00,1.50
2016.09.22 09:03:52.237,1.78381,1.78422,1.00,1.75
2016.09.22 09:03:52.288,1.78379,1.78422,1.00,1.75
2016.09.22 09:03:52.339,1.78379,1.78422,1.00,3.00
2016.09.22 09:03:52.389,1.78379,1.78417,1.00,1.00
2016.09.22 09:03:52.440,1.7838,1.78422,1.00,2.25
2016.09.22 09:03:52.491,1.78378,1.78419,1.12,1.00
2016.09.22 09:03:52.542,1.78375,1.78418,1.87,2.62
2016.09.22 09:03:52.592,1.78373,1.78414,1.37,1.37
2016.09.22 09:03:52.677,1.78373,1.78414,1.00,1.50
2016.09.22 09:03:52.728,1.7837,1.78411,1.12,1.00
2016.09.22 09:03:52.779,1.7837,1.78411,1.00,1.37
2016.09.22 09:03:52.829,1.78368,1.78411,1.00,1.37
2016.09.22 09:03:52.880,1.78368,1.78409,1.00,2.25
2016.09.22 09:03:52.931,1.7837,1.78409,1.00,2.25
2016.09.22 09:03:52.981,1.7837,1.78408,1.00,1.00
2016.09.22 09:03:53.033,1.7837,1.7841,1.00,1.75
2016.09.22 09:03:53.084,1.7837,1.78406,1.00,1.00
2016.09.22 09:03:53.437,1.78369,1.78412,1.00,3.00
2016.09.22 09:03:53.539,1.78369,1.78411,1.00,2.25
2016.09.22 09:03:53.590,1.78369,1.78411,1.00,2.25
2016.09.22 09:03:53.641,1.78369,1.7841,1.00,1.75
2016.09.22 09:03:53.692,1.7837,1.78411,1.00,3.00
2016.09.22 09:03:53.793,1.78367,1.7841,1.00,1.75
2016.09.22 09:03:53.856,1.7837,1.78411,1.00,3.00
2016.09.22 09:03:54.009,1.78371,1.78411,1.00,2.25
2016.09.22 09:03:54.060,1.78371,1.78412,1.00,3.00
2016.09.22 09:03:54.111,1.7837,1.78408,1.00,1.00
2016.09.22 09:03:54.212,1.7837,1.78413,1.00,3.00
2016.09.22 09:03:54.263,1.7837,1.78411,1.00,1.75
2016.09.22 09:03:54.355,1.78371,1.78414,1.00,1.75
2016.09.22 09:03:54.457,1.78373,1.78414,1.00,1.37
2016.09.22 09:03:54.508,1.78375,1.78415,1.00,1.00
2016.09.22 09:03:54.558,1.78375,1.78416,1.00,2.25
2016.09.22 09:03:54.609,1.78373,1.78416,1.00,1.75
2016.09.22 09:03:54.660,1.78373,1.78413,1.00,1.00
2016.09.22 09:03:54.710,1.78373,1.78414,1.00,1.50
2016.09.22 09:03:54.761,1.78372,1.78413,1.00,1.37
2016.09.22 09:03:54.812,1.78369,1.78412,1.00,1.37
2016.09.22 09:03:54.863,1.7837,1.78413,1.00,1.50
2016.09.22 09:03:54.914,1.78369,1.78412,1.00,1.00
2016.09.22 09:03:55.016,1.78371,1.78412,1.00,1.12
2016.09.22 09:03:55.152,1.7837,1.78413,1.00,1.50
2016.09.22 09:03:55.203,1.7837,1.78411,1.00,1.00
2016.09.22 09:03:55.254,1.78371,1.78413,1.00,1.00
2016.09.22 09:03:55.355,1.78374,1.78413,1.00,1.00
2016.09.22 09:03:55.406,1.78372,1.78413,1.00,1.00
2016.09.22 09:03:55.457,1.78374,1.78413,1.00,1.00
2016.09.22 09:03:55.722,1.78371,1.78413,1.00,1.00
2016.09.22 09:03:55.773,1.7837,1.78413,1.00,1.50
2016.09.22 09:03:55.874,1.78373,1.78413,1.00,1.00
2016.09.22 09:03:55.925,1.78371,1.78413,1.00,1.00
2016.09.22 09:03:56.140,1.7837,1.78413,1.00,1.50
2016.09.22 09:03:56.191,1.78369,1.7841,1.00,1.00
2016.09.22 09:03:56.242,1.78371,1.78411,1.00,1.00
2016.09.22 09:03:56.343,1.78368,1.78411,1.50,1.00
2016.09.22 09:03:56.394,1.7837,1.78412,1.00,1.50
2016.09.22 09:03:56.738,1.78369,1.7841,1.00,1.00
2016.09.22 09:03:56.890,1.78369,1.7841,1.00,1.50
2016.09.22 09:03:56.941,1.78368,1.78411,1.00,1.75
2016.09.22 09:03:57.115,1.78369,1.7841,1.00,1.00
2016.09.22 09:03:57.419,1.78373,1.78414,1.00,1.75
2016.09.22 09:03:57.470,1.78371,1.78414,1.00,3.00
2016.09.22 09:03:57.521,1.7837,1.78413,1.00,1.75
2016.09.22 09:03:57.622,1.78369,1.7841,1.00,1.50
2016.09.22 09:03:57.674,1.78366,1.78407,1.00,1.12
2016.09.22 09:03:57.725,1.78368,1.78409,1.00,1.75
2016.09.22 09:03:57.826,1.78368,1.78411,1.00,1.75
2016.09.22 09:03:57.877,1.7837,1.78411,1.00,2.25
2016.09.22 09:03:57.928,1.78367,1.78406,1.00,1.00
2016.09.22 09:03:58.029,1.78367,1.78408,1.00,1.75
2016.09.22 09:03:58.080,1.78362,1.78403,1.00,1.12
2016.09.22 09:03:58.131,1.78363,1.78404,1.00,1.75
2016.09.22 09:03:58.182,1.78364,1.78405,1.00,1.75
2016.09.22 09:03:58.233,1.78362,1.78403,1.00,1.12
2016.09.22 09:03:58.335,1.78363,1.78404,1.00,1.50
2016.09.22 09:03:58.436,1.78364,1.78405,1.00,1.50
2016.09.22 09:03:58.487,1.78363,1.78404,1.00,1.00
2016.09.22 09:03:58.538,1.78365,1.78406,1.00,1.37
2016.09.22 09:03:58.589,1.78364,1.78405,1.00,1.12
2016.09.22 09:03:58.690,1.78363,1.78405,1.12,1.12
2016.09.22 09:03:58.741,1.78363,1.78404,1.12,1.00
2016.09.22 09:03:58.974,1.7836,1.78403,1.75,1.00
2016.09.22 09:03:59.025,1.78362,1.78402,1.37,1.00
2016.09.22 09:03:59.076,1.78362,1.78402,1.00,1.00
2016.09.22 09:03:59.441,1.78358,1.78401,1.75,1.00
2016.09.22 09:03:59.492,1.7836,1.78401,1.00,1.00
2016.09.22 09:03:59.542,1.78358,1.78401,1.50,1.00
2016.09.22 09:03:59.644,1.78359,1.78402,1.00,1.00
2016.09.22 09:03:59.694,1.78362,1.78403,1.00,1.37
2016.09.22 09:03:59.745,1.78357,1.784,1.00,1.00
2016.09.22 09:03:59.796,1.78357,1.784,1.50,1.00
2016.09.22 09:03:59.847,1.7836,1.78403,1.00,1.50
2016.09.22 09:03:59.897,1.7836,1.78403,1.12,1.50
2016.09.22 09:03:59.995,1.7836,1.78401,1.12,1.00
2016.09.22 09:04:00.045,1.7836,1.78402,1.12,1.12
2016.09.22 09:04:00.096,1.7836,1.78401,1.12,1.00
2016.09.22 09:04:00.204,1.7836,1.78403,1.50,1.00
2016.09.22 09:04:00.306,1.7836,1.78403,1.00,1.75
2016.09.22 09:04:00.356,1.7836,1.78401,1.00,1.12
2016.09.22 09:04:00.813,1.78357,1.78398,1.50,1.00
2016.09.22 09:04:00.864,1.78357,1.78398,1.12,1.37
2016.09.22 09:04:00.915,1.78357,1.78398,1.00,1.75
2016.09.22 09:04:01.395,1.78357,1.78398,1.00,1.75
2016.09.22 09:04:01.446,1.78357,1.78398,1.00,1.50
2016.09.22 09:04:01.912,1.78357,1.78398,1.00,1.75
2016.09.22 09:04:02.099,1.78357,1.784,1.00,1.75
2016.09.22 09:04:02.150,1.78354,1.78397,1.00,1.50
2016.09.22 09:04:02.201,1.78352,1.78395,1.00,1.75
2016.09.22 09:04:02.302,1.78351,1.78391,1.00,1.00
2016.09.22 09:04:02.404,1.78352,1.78393,1.00,1.12
2016.09.22 09:04:02.817,1.78352,1.78395,1.00,1.75
2016.09.22 09:04:02.918,1.78352,1.78394,1.00,1.50
2016.09.22 09:04:03.448,1.78351,1.78394,1.00,1.50
2016.09.22 09:04:03.531,1.78351,1.78394,1.12,1.37
2016.09.22 09:04:04.050,1.78361,1.78398,1.00,2.25
2016.09.22 09:04:04.101,1.78361,1.784,1.00,1.87
2016.09.22 09:04:04.153,1.78363,1.78403,1.00,1.37
2016.09.22 09:04:04.204,1.78354,1.78393,3.00,1.00
2016.09.22 09:04:04.255,1.78355,1.78396,1.12,1.00
2016.09.22 09:04:04.307,1.78352,1.78395,1.00,1.75
2016.09.22 09:04:04.358,1.78352,1.78393,1.00,1.37
2016.09.22 09:04:04.460,1.78351,1.78388,1.00,1.00
2016.09.22 09:04:04.613,1.78351,1.7839,1.00,1.50
2016.09.22 09:04:04.664,1.78351,1.78392,1.00,1.75
2016.09.22 09:04:04.789,1.78348,1.78391,1.00,1.37
2016.09.22 09:04:04.840,1.78348,1.78391,1.00,1.50
2016.09.22 09:04:05.683,1.78349,1.78391,1.00,1.50
2016.09.22 09:04:06.137,1.78349,1.78392,1.00,1.75
2016.09.22 09:04:06.688,1.78349,1.7839,1.00,1.12
2016.09.22 09:04:06.986,1.78349,1.7839,1.00,1.37
2016.09.22 09:04:07.052,1.78348,1.78388,1.00,1.12
2016.09.22 09:04:07.205,1.78348,1.78391,1.00,1.75
2016.09.22 09:04:07.604,1.78347,1.78389,1.00,1.00
2016.09.22 09:04:07.655,1.78347,1.7839,1.00,1.50
2016.09.22 09:04:07.937,1.78348,1.78391,1.00,1.75
2016.09.22 09:04:08.235,1.78347,1.7839,1.00,1.50
2016.09.22 09:04:08.286,1.7835,1.78391,1.00,1.50
2016.09.22 09:04:08.524,1.78349,1.7839,1.00,1.00
2016.09.22 09:04:08.575,1.78347,1.7839,1.00,1.00
2016.09.22 09:04:08.745,1.7835,1.7839,1.00,1.00
2016.09.22 09:04:11.412,1.7835,1.78391,1.00,1.00
2016.09.22 09:04:12.581,1.78351,1.78391,1.00,1.00
2016.09.22 09:04:14.142,1.7835,1.78391,1.00,1.00
2016.09.22 09:04:15.424,1.78351,1.78392,1.00,1.00
2016.09.22 09:04:16.748,1.78351,1.78391,1.00,1.00
2016.09.22 09:04:17.099,1.78352,1.78393,1.00,1.00
2016.09.22 09:04:17.788,1.78351,1.78391,1.00,1.00
2016.09.22 09:04:17.844,1.7835,1.78393,1.00,1.00
2016.09.22 09:04:18.006,1.78351,1.78394,1.12,1.00
2016.09.22 09:04:18.057,1.78351,1.78394,1.00,1.00
2016.09.22 09:04:18.776,1.7835,1.78393,1.00,1.00
2016.09.22 09:04:20.096,1.78351,1.78393,1.00,1.00
2016.09.22 09:04:20.224,1.78353,1.78395,1.00,1.12
2016.09.22 09:04:20.276,1.78353,1.78395,1.00,1.00
2016.09.22 09:04:20.530,1.7836,1.78401,1.00,1.75
2016.09.22 09:04:20.580,1.78359,1.784,1.00,1.50
2016.09.22 09:04:20.631,1.7836,1.784,1.00,1.00
2016.09.22 09:04:20.783,1.78359,1.78402,1.00,1.75
2016.09.22 09:04:20.885,1.78359,1.784,1.00,1.12
2016.09.22 09:04:20.936,1.7836,1.78403,1.00,1.75
2016.09.22 09:04:21.162,1.78358,1.78401,1.00,1.75
2016.09.22 09:04:21.315,1.78355,1.78395,1.00,1.00
2016.09.22 09:04:21.366,1.78355,1.78396,1.00,1.50
2016.09.22 09:04:21.417,1.78354,1.78395,1.00,1.00
2016.09.22 09:04:22.233,1.78354,1.78397,1.00,1.50
2016.09.22 09:04:23.071,1.78354,1.78397,1.00,1.12
2016.09.22 09:04:25.099,1.78355,1.78398,1.00,1.50
2016.09.22 09:04:25.149,1.78355,1.78398,1.00,1.12
2016.09.22 09:04:25.200,1.7836,1.78403,1.00,3.75
2016.09.22 09:04:25.251,1.78363,1.78404,1.00,1.75
2016.09.22 09:04:25.301,1.78363,1.78405,1.00,2.25
2016.09.22 09:04:25.352,1.78364,1.78406,1.00,1.75
2016.09.22 09:04:25.504,1.78364,1.78407,1.00,1.75
2016.09.22 09:04:25.607,1.78364,1.78407,1.00,1.75
2016.09.22 09:04:25.658,1.78364,1.78404,1.00,1.12
2016.09.22 09:04:25.759,1.78362,1.78405,1.00,1.50
2016.09.22 09:04:25.963,1.78363,1.78404,1.00,1.00
2016.09.22 09:04:26.064,1.78362,1.78405,1.50,1.00
2016.09.22 09:04:26.115,1.78364,1.78406,1.37,1.00
2016.09.22 09:04:26.166,1.78364,1.78406,1.75,1.00
2016.09.22 09:04:26.267,1.78365,1.78406,1.00,1.00
2016.09.22 09:04:26.369,1.78365,1.78406,1.00,1.37
2016.09.22 09:04:26.487,1.78363,1.78406,1.12,1.37
2016.09.22 09:04:26.545,1.78363,1.78405,1.12,1.12
2016.09.22 09:04:26.596,1.78364,1.78405,1.00,1.12
2016.09.22 09:04:26.647,1.78364,1.78405,1.00,1.37
2016.09.22 09:04:26.698,1.78364,1.78405,1.00,1.75
2016.09.22 09:04:26.749,1.78359,1.78399,1.87,1.37
2016.09.22 09:04:26.799,1.78359,1.78401,1.00,1.75
2016.09.22 09:04:26.850,1.78356,1.78399,1.00,3.00
2016.09.22 09:04:26.952,1.78355,1.78396,1.00,1.37
2016.09.22 09:04:27.003,1.78355,1.78396,1.00,1.75
2016.09.22 09:04:27.105,1.78355,1.78396,1.00,1.50
2016.09.22 09:04:27.230,1.78355,1.78396,1.00,1.12
2016.09.22 09:04:27.283,1.78355,1.78396,1.00,1.50
2016.09.22 09:04:27.337,1.78355,1.78396,1.00,1.12
2016.09.22 09:04:27.388,1.78355,1.78396,1.00,1.00
2016.09.22 09:04:28.288,1.78355,1.78396,1.12,1.00
2016.09.22 09:04:28.339,1.78354,1.78398,1.37,1.12
2016.09.22 09:04:28.390,1.78357,1.784,1.00,1.12
2016.09.22 09:04:28.441,1.78357,1.784,1.00,1.37
2016.09.22 09:04:28.492,1.78356,1.78399,1.00,1.50
2016.09.22 09:04:28.694,1.78356,1.78399,1.00,1.12
2016.09.22 09:04:28.854,1.78358,1.78398,1.00,1.37
2016.09.22 09:04:28.905,1.78357,1.78398,1.00,1.50
2016.09.22 09:04:29.141,1.78357,1.78398,1.00,1.12
2016.09.22 09:04:29.256,1.78357,1.78398,1.00,1.00
2016.09.22 09:04:29.831,1.78355,1.78398,1.00,1.00
2016.09.22 09:04:31.007,1.78354,1.78397,1.50,1.00
2016.09.22 09:04:33.051,1.78354,1.78397,1.12,1.00
2016.09.22 09:04:33.102,1.78354,1.78397,1.00,1.00
2016.09.22 09:04:33.239,1.78356,1.78397,1.00,1.00
2016.09.22 09:04:33.290,1.78359,1.78402,1.00,1.00
2016.09.22 09:04:33.340,1.78359,1.78402,1.00,1.00
2016.09.22 09:04:33.705,1.78362,1.78403,1.00,1.00
2016.09.22 09:04:33.756,1.78363,1.78406,1.00,1.00
2016.09.22 09:04:33.855,1.78365,1.78406,1.00,1.00
2016.09.22 09:04:33.964,1.78365,1.78408,1.00,1.00
2016.09.22 09:04:34.294,1.78366,1.78406,1.00,1.00
2016.09.22 09:04:34.599,1.78363,1.78406,1.00,1.00
2016.09.22 09:04:35.013,1.78365,1.78406,1.00,1.00
2016.09.22 09:04:35.396,1.78363,1.78404,1.00,1.00
2016.09.22 09:04:35.903,1.78363,1.78403,1.00,1.00
2016.09.22 09:04:35.954,1.78362,1.78405,1.50,1.00
2016.09.22 09:04:36.407,1.78363,1.78403,1.00,1.00
2016.09.22 09:04:36.508,1.78362,1.78403,1.50,1.00
2016.09.22 09:04:36.616,1.78362,1.78405,1.00,1.00
2016.09.22 09:04:36.946,1.7836,1.78403,1.00,1.00
2016.09.22 09:04:40.429,1.78355,1.78396,1.50,1.00
2016.09.22 09:04:40.530,1.78355,1.78398,1.50,1.00
2016.09.22 09:04:40.581,1.78355,1.78397,1.00,1.00
2016.09.22 09:04:41.121,1.78354,1.78397,1.00,1.00
2016.09.22 09:04:43.831,1.78357,1.78397,1.00,1.00
2016.09.22 09:04:43.882,1.78355,1.78398,1.00,1.00
2016.09.22 09:04:44.152,1.78354,1.78396,1.00,1.00
2016.09.22 09:04:44.203,1.78359,1.78402,1.00,1.00
2016.09.22 09:04:44.254,1.78367,1.78403,1.00,1.00
2016.09.22 09:04:44.349,1.78367,1.78407,1.00,1.37
2016.09.22 09:04:44.400,1.78372,1.78413,1.00,1.50
2016.09.22 09:04:44.450,1.78375,1.78414,1.00,1.00
2016.09.22 09:04:44.501,1.78375,1.78416,1.00,1.00
2016.09.22 09:04:44.552,1.78375,1.78418,1.00,1.00
2016.09.22 09:04:44.654,1.78379,1.78422,1.00,1.00
2016.09.22 09:04:44.984,1.78382,1.78423,1.00,1.00
2016.09.22 09:04:45.237,1.7838,1.78423,1.00,1.00
2016.09.22 09:04:45.288,1.78383,1.78423,1.00,1.00
2016.09.22 09:04:45.440,1.78384,1.78424,1.00,1.00
2016.09.22 09:04:45.604,1.78384,1.78426,1.00,1.12
2016.09.22 09:04:45.655,1.78384,1.78426,1.00,1.00
2016.09.22 09:04:46.000,1.78383,1.78424,1.00,1.00
2016.09.22 09:04:46.254,1.78385,1.78428,1.00,1.00
2016.09.22 09:04:46.305,1.78387,1.78428,1.00,1.00
2016.09.22 09:04:46.457,1.78387,1.78429,1.00,1.00
2016.09.22 09:04:46.588,1.78385,1.78428,1.00,1.00
2016.09.22 09:04:46.891,1.78385,1.78426,1.00,1.00
2016.09.22 09:04:47.195,1.78383,1.78424,1.00,1.00
2016.09.22 09:04:47.737,1.78382,1.78423,1.00,1.00
2016.09.22 09:04:48.110,1.7838,1.78423,1.00,1.00
2016.09.22 09:04:48.388,1.78377,1.7842,1.00,1.00
2016.09.22 09:04:48.691,1.78373,1.78414,1.00,1.00
2016.09.22 09:04:48.843,1.78371,1.78414,1.00,1.00
2016.09.22 09:04:49.176,1.78373,1.78414,1.00,1.00
2016.09.22 09:04:49.227,1.78371,1.78414,1.00,1.00
2016.09.22 09:04:49.277,1.78373,1.78416,1.00,1.00
2016.09.22 09:04:49.583,1.78375,1.78416,1.00,1.00
2016.09.22 09:04:50.222,1.78378,1.78421,1.00,1.00
2016.09.22 09:04:50.273,1.7838,1.78423,1.00,1.00
2016.09.22 09:04:50.577,1.78376,1.78419,1.00,1.00
2016.09.22 09:04:51.199,1.78377,1.7842,1.00,1.00
2016.09.22 09:04:51.763,1.78378,1.78419,1.00,1.00
2016.09.22 09:04:52.920,1.78377,1.78418,1.00,1.00
2016.09.22 09:04:54.956,1.78376,1.78417,1.00,1.00
2016.09.22 09:04:55.625,1.78377,1.78418,1.00,1.00
2016.09.22 09:04:56.134,1.78376,1.78419,1.00,1.00
2016.09.22 09:04:56.451,1.78374,1.78416,1.00,1.00
2016.09.22 09:04:57.071,1.78374,1.78415,1.00,1.00
2016.09.22 09:04:58.124,1.78373,1.78414,1.00,1.00
2016.09.22 09:04:58.284,1.78372,1.7842,1.00,1.00
2016.09.22 09:04:58.336,1.78378,1.78421,1.00,1.00
2016.09.22 09:04:59.390,1.78379,1.7842,1.00,1.00
2016.09.22 09:04:59.694,1.78381,1.78421,1.00,1.00
2016.09.22 09:05:00.049,1.7838,1.78423,1.00,1.00
2016.09.22 09:05:00.182,1.78382,1.78422,1.00,1.00
2016.09.22 09:05:00.334,1.78382,1.78425,1.00,1.00
2016.09.22 09:05:00.435,1.78383,1.78423,1.00,1.00
2016.09.22 09:05:00.536,1.78383,1.78426,1.00,1.00
2016.09.22 09:05:00.739,1.78385,1.78426,1.00,1.00
2016.09.22 09:05:01.266,1.78384,1.78425,1.00,1.00
2016.09.22 09:05:01.368,1.78386,1.78429,1.00,1.00
2016.09.22 09:05:01.470,1.78386,1.78426,1.00,1.00
2016.09.22 09:05:01.571,1.78385,1.78428,1.00,1.00
2016.09.22 09:05:01.724,1.78385,1.78426,1.00,1.00
2016.09.22 09:05:02.105,1.78387,1.7843,1.00,1.00
2016.09.22 09:05:05.925,1.78388,1.78429,1.00,1.00
2016.09.22 09:05:05.976,1.7839,1.7843,1.00,1.00
2016.09.22 09:05:06.129,1.78392,1.78434,1.00,1.00
2016.09.22 09:05:06.703,1.78391,1.78434,1.00,1.00
2016.09.22 09:05:07.295,1.78392,1.78435,1.00,1.00
2016.09.22 09:05:07.612,1.7839,1.78433,1.00,1.00
2016.09.22 09:05:07.962,1.78393,1.78433,1.00,1.00
2016.09.22 09:05:08.013,1.7839,1.78433,1.00,1.00
2016.09.22 09:05:08.063,1.78392,1.78433,1.00,1.00
2016.09.22 09:05:08.114,1.78394,1.78436,1.00,1.00
2016.09.22 09:05:08.165,1.78398,1.78439,1.00,1.00
2016.09.22 09:05:08.671,1.78398,1.7844,1.00,1.00
2016.09.22 09:05:09.075,1.78396,1.78439,1.00,1.00
2016.09.22 09:05:09.126,1.78394,1.78435,1.50,1.00
2016.09.22 09:05:09.177,1.7839,1.78433,1.00,1.00
2016.09.22 09:05:09.228,1.78392,1.78432,1.00,1.00
2016.09.22 09:05:09.329,1.78393,1.78434,1.00,1.00
2016.09.22 09:05:09.481,1.78392,1.78432,1.00,1.00
2016.09.22 09:05:09.532,1.78391,1.78434,1.00,1.00
2016.09.22 09:05:09.583,1.78393,1.78434,1.00,1.00
2016.09.22 09:05:09.634,1.78393,1.78436,1.00,1.00
2016.09.22 09:05:10.218,1.78393,1.78435,1.00,1.00
2016.09.22 09:05:11.420,1.78392,1.78434,1.00,1.00
2016.09.22 09:05:11.572,1.78394,1.78435,1.00,1.00
2016.09.22 09:05:11.694,1.78395,1.78438,1.00,1.00
2016.09.22 09:05:11.745,1.78396,1.78436,1.00,1.00
2016.09.22 09:05:11.796,1.78391,1.78432,1.00,1.00
2016.09.22 09:05:12.103,1.78389,1.78432,1.00,1.00
2016.09.22 09:05:12.726,1.7839,1.78432,1.00,1.00
2016.09.22 09:05:12.777,1.78391,1.78434,1.00,1.00
2016.09.22 09:05:12.879,1.78394,1.78435,1.00,1.00
2016.09.22 09:05:13.182,1.78401,1.78443,1.00,1.00
2016.09.22 09:05:13.419,1.78402,1.78445,1.00,1.00
2016.09.22 09:05:13.521,1.78403,1.78443,1.00,1.00
2016.09.22 09:05:13.675,1.78402,1.78442,1.50,1.00
2016.09.22 09:05:13.726,1.784,1.78443,1.00,1.00
2016.09.22 09:05:14.034,1.78399,1.7844,1.00,1.00
2016.09.22 09:05:14.374,1.78397,1.78437,1.00,1.00
2016.09.22 09:05:14.629,1.78395,1.78436,1.00,1.00
2016.09.22 09:05:14.832,1.78393,1.78434,1.00,1.00
2016.09.22 09:05:14.934,1.78391,1.78434,1.00,1.00
2016.09.22 09:05:15.255,1.78393,1.78433,1.00,1.00
2016.09.22 09:05:15.306,1.78393,1.78435,1.00,1.00
2016.09.22 09:05:15.357,1.78394,1.78437,1.00,1.00
2016.09.22 09:05:15.409,1.78396,1.78437,1.00,1.00
2016.09.22 09:05:15.612,1.78394,1.78437,1.00,1.00
2016.09.22 09:05:15.663,1.78392,1.78435,1.50,1.00
2016.09.22 09:05:15.713,1.78392,1.78435,1.00,1.00
2016.09.22 09:05:15.868,1.78393,1.78433,1.00,1.00
2016.09.22 09:05:15.919,1.78391,1.78434,1.00,1.00
2016.09.22 09:05:16.439,1.78392,1.78433,1.00,1.00
2016.09.22 09:05:17.498,1.78392,1.78435,1.00,1.00
2016.09.22 09:05:18.141,1.78391,1.78432,1.00,1.00
2016.09.22 09:05:18.445,1.78398,1.78439,1.00,1.00
2016.09.22 09:05:18.629,1.78399,1.78441,1.00,1.00
2016.09.22 09:05:18.680,1.78401,1.78441,1.00,1.00
2016.09.22 09:05:20.511,1.78401,1.78442,1.00,1.00
2016.09.22 09:05:20.612,1.78399,1.78441,1.00,1.00
2016.09.22 09:05:20.663,1.78398,1.78438,1.50,1.00
2016.09.22 09:05:20.765,1.78389,1.78432,1.00,1.00
2016.09.22 09:05:20.816,1.78387,1.7843,1.00,1.00
2016.09.22 09:05:21.120,1.78387,1.78428,1.00,1.00
2016.09.22 09:05:21.272,1.78385,1.78428,1.00,1.00
2016.09.22 09:05:22.411,1.78385,1.78426,1.00,1.00
2016.09.22 09:05:24.212,1.78385,1.78428,1.00,1.00
2016.09.22 09:05:26.344,1.78388,1.78428,1.00,1.00
2016.09.22 09:05:26.395,1.78389,1.7843,1.00,1.00
2016.09.22 09:05:26.446,1.78393,1.78433,1.00,1.00
2016.09.22 09:05:26.497,1.78393,1.78436,1.00,1.00
2016.09.22 09:05:26.548,1.78395,1.78438,1.00,1.00
2016.09.22 09:05:26.878,1.7839,1.78432,1.00,1.00
2016.09.22 09:05:27.191,1.78387,1.78427,1.00,1.00
2016.09.22 09:05:27.242,1.78387,1.78429,1.00,1.00
2016.09.22 09:05:27.835,1.78387,1.78428,1.00,1.00
2016.09.22 09:05:29.863,1.78389,1.78432,1.00,1.00
2016.09.22 09:05:29.914,1.78393,1.78433,1.00,1.00
2016.09.22 09:05:30.015,1.78395,1.78438,1.00,1.00
2016.09.22 09:05:30.634,1.78396,1.78439,1.00,1.00
2016.09.22 09:05:30.735,1.78396,1.78437,1.00,1.00
2016.09.22 09:05:31.282,1.78396,1.78436,1.00,1.00
2016.09.22 09:05:31.333,1.78395,1.78438,1.00,1.00
2016.09.22 09:05:31.434,1.78398,1.78438,1.00,1.00
2016.09.22 09:05:31.598,1.78395,1.78438,1.00,1.00
2016.09.22 09:05:34.190,1.78397,1.78438,1.00,1.00
2016.09.22 09:05:34.506,1.78399,1.78439,1.00,1.00
2016.09.22 09:05:35.611,1.78398,1.78441,1.00,1.00
2016.09.22 09:05:36.026,1.784,1.78441,1.00,1.00
2016.09.22 09:05:38.269,1.78401,1.78441,1.00,1.00
2016.09.22 09:05:40.144,1.78399,1.78442,1.00,1.00
2016.09.22 09:05:40.194,1.78399,1.78442,1.50,1.00
2016.09.22 09:05:40.245,1.78406,1.78446,1.00,1.00
2016.09.22 09:05:40.348,1.78401,1.78444,1.00,1.00
2016.09.22 09:05:40.400,1.78401,1.78441,1.00,1.00
2016.09.22 09:05:40.452,1.78399,1.78442,1.00,1.00
2016.09.22 09:05:40.705,1.78401,1.78444,1.00,1.00
2016.09.22 09:05:41.251,1.78402,1.78445,1.00,1.00
2016.09.22 09:05:42.805,1.784,1.78443,1.00,1.00
2016.09.22 09:05:43.110,1.784,1.78441,1.00,1.00
2016.09.22 09:05:44.623,1.78399,1.78441,1.00,1.00
2016.09.22 09:05:45.138,1.78398,1.78441,1.00,1.00
2016.09.22 09:05:45.492,1.784,1.78443,1.00,1.00
2016.09.22 09:05:45.542,1.784,1.78443,1.12,1.00
2016.09.22 09:05:45.897,1.78402,1.78443,1.00,1.00
2016.09.22 09:05:46.019,1.78409,1.78447,1.37,1.00
2016.09.22 09:05:46.069,1.78412,1.78447,1.00,1.00
2016.09.22 09:05:46.120,1.78412,1.78455,1.00,1.50
2016.09.22 09:05:46.221,1.78414,1.78455,1.00,1.12
2016.09.22 09:05:46.955,1.78415,1.78457,1.00,1.75
2016.09.22 09:05:47.006,1.78415,1.78458,1.00,1.87
2016.09.22 09:05:47.057,1.7842,1.78461,1.00,1.75
2016.09.22 09:05:47.108,1.7842,1.78461,1.00,1.00
2016.09.22 09:05:47.159,1.78423,1.78463,1.12,1.00
2016.09.22 09:05:47.210,1.78424,1.78466,1.00,1.00
2016.09.22 09:05:47.463,1.78427,1.7847,1.00,1.12
2016.09.22 09:05:47.514,1.78427,1.78468,1.00,1.00
2016.09.22 09:05:47.640,1.7842,1.78463,1.12,1.37
2016.09.22 09:05:47.691,1.78417,1.7846,2.25,1.00
2016.09.22 09:05:47.742,1.78416,1.78459,1.75,1.00
2016.09.22 09:05:47.844,1.78416,1.78459,1.00,1.00
2016.09.22 09:05:48.186,1.78416,1.78457,1.00,1.00
2016.09.22 09:05:48.569,1.78417,1.78459,1.00,1.00
2016.09.22 09:05:48.670,1.78417,1.78457,1.00,1.00
2016.09.22 09:05:49.126,1.78415,1.78458,1.00,1.00
2016.09.22 09:05:49.726,1.78415,1.78456,1.00,1.00
2016.09.22 09:05:49.828,1.78412,1.78455,1.00,1.00
2016.09.22 09:05:50.358,1.78413,1.78456,1.00,1.00
2016.09.22 09:05:50.833,1.78415,1.78456,1.00,1.00
2016.09.22 09:05:50.884,1.78416,1.78459,1.00,1.00
2016.09.22 09:05:51.088,1.78417,1.78457,1.00,1.00
2016.09.22 09:05:51.304,1.78416,1.78459,1.00,1.00
2016.09.22 09:05:51.355,1.78418,1.78459,1.00,1.00
2016.09.22 09:05:51.659,1.78416,1.78459,1.00,1.00
2016.09.22 09:05:52.485,1.78415,1.78456,1.00,1.00
2016.09.22 09:05:53.147,1.78413,1.78456,1.00,1.00
2016.09.22 09:05:53.653,1.78412,1.78455,1.00,1.00
2016.09.22 09:05:54.483,1.78415,1.78456,1.00,1.00
2016.09.22 09:05:54.534,1.78415,1.78458,1.00,1.00
2016.09.22 09:05:54.585,1.78418,1.78459,1.00,1.00
2016.09.22 09:05:54.910,1.78416,1.78461,1.00,1.00
2016.09.22 09:05:54.961,1.78423,1.78464,1.00,1.87
2016.09.22 09:05:55.012,1.78423,1.78464,1.00,1.00
2016.09.22 09:05:55.063,1.78424,1.78465,1.00,1.00
2016.09.22 09:05:55.654,1.78424,1.78467,1.00,1.00
2016.09.22 09:05:55.806,1.78424,1.78465,1.00,1.00
2016.09.22 09:05:56.111,1.78422,1.78465,1.00,1.00
2016.09.22 09:05:56.314,1.78422,1.78463,1.00,1.00
2016.09.22 09:05:56.447,1.78418,1.78461,1.00,1.00
2016.09.22 09:05:56.498,1.78415,1.78459,1.75,1.00
2016.09.22 09:05:56.600,1.78415,1.78459,1.37,1.00
2016.09.22 09:05:56.651,1.78415,1.78459,1.00,1.00
2016.09.22 09:05:56.804,1.78419,1.7846,1.00,1.50
2016.09.22 09:05:56.854,1.78419,1.7846,1.00,1.00
2016.09.22 09:05:56.956,1.78419,1.78462,1.00,1.50
2016.09.22 09:05:57.006,1.78421,1.78462,1.00,1.50
2016.09.22 09:05:57.244,1.78421,1.78462,1.00,1.00
2016.09.22 09:05:58.028,1.78417,1.7846,1.00,1.00
2016.09.22 09:05:58.080,1.78414,1.78457,1.37,1.00
2016.09.22 09:05:58.131,1.78412,1.78453,1.12,1.00
2016.09.22 09:05:58.182,1.78412,1.78455,1.00,1.00
2016.09.22 09:05:58.779,1.78411,1.78454,1.00,1.00
2016.09.22 09:05:58.893,1.78414,1.78455,1.00,1.00
2016.09.22 09:05:59.045,1.78412,1.78455,1.00,1.00
2016.09.22 09:05:59.665,1.78412,1.78453,1.00,1.00
2016.09.22 09:06:00.308,1.78413,1.78454,1.00,1.00
2016.09.22 09:06:00.899,1.78412,1.78456,1.00,1.12
2016.09.22 09:06:01.213,1.78412,1.78455,1.00,1.00
2016.09.22 09:06:01.543,1.78411,1.78452,1.00,1.00
2016.09.22 09:06:02.406,1.78411,1.78454,1.00,1.00
2016.09.22 09:06:02.664,1.78402,1.78445,1.50,1.00
2016.09.22 09:06:02.714,1.78401,1.78445,1.37,1.00
2016.09.22 09:06:02.765,1.78399,1.78442,1.00,1.00
2016.09.22 09:06:03.020,1.78398,1.7844,1.00,1.00
2016.09.22 09:06:03.222,1.784,1.78443,1.00,1.00
2016.09.22 09:06:03.757,1.784,1.78444,1.00,1.00
2016.09.22 09:06:04.179,1.78401,1.78442,1.00,1.00
2016.09.22 09:06:04.923,1.784,1.78442,1.00,1.00
2016.09.22 09:06:05.075,1.78397,1.7844,1.00,1.00
2016.09.22 09:06:05.126,1.78396,1.78437,1.00,1.00
2016.09.22 09:06:05.328,1.78388,1.78431,1.37,1.00
2016.09.22 09:06:05.452,1.78382,1.78426,1.00,1.00
2016.09.22 09:06:05.958,1.78383,1.78426,1.00,1.00
2016.09.22 09:06:06.477,1.78382,1.78425,1.00,1.00
2016.09.22 09:06:06.528,1.78382,1.78425,1.12,1.00
2016.09.22 09:06:06.737,1.78384,1.78425,1.00,1.00
2016.09.22 09:06:07.273,1.78382,1.78424,1.00,1.00
2016.09.22 09:06:07.997,1.78381,1.78423,1.00,1.00
2016.09.22 09:06:08.149,1.78379,1.78423,1.00,1.00
2016.09.22 09:06:08.288,1.78378,1.78419,1.00,1.00
2016.09.22 09:06:08.339,1.78376,1.78419,1.00,1.00
2016.09.22 09:06:08.593,1.78375,1.78418,1.00,1.50
2016.09.22 09:06:08.745,1.78372,1.78415,1.00,1.00
2016.09.22 09:06:08.979,1.7837,1.78414,1.00,1.00
2016.09.22 09:06:09.191,1.78369,1.78413,1.50,1.00
2016.09.22 09:06:09.292,1.78371,1.78413,1.00,1.00
2016.09.22 09:06:09.897,1.78373,1.78415,1.00,1.00
2016.09.22 09:06:10.049,1.78372,1.78413,1.00,1.00
2016.09.22 09:06:10.224,1.78372,1.78416,1.00,1.00
2016.09.22 09:06:10.325,1.78372,1.78413,1.00,1.00
2016.09.22 09:06:10.376,1.78373,1.78415,1.00,1.00
2016.09.22 09:06:10.427,1.78371,1.78414,1.00,1.00
2016.09.22 09:06:10.680,1.78371,1.78413,1.00,1.00
2016.09.22 09:06:10.833,1.78371,1.78414,1.00,1.00
2016.09.22 09:06:11.069,1.78371,1.78413,1.00,1.00
2016.09.22 09:06:11.560,1.78371,1.78415,1.00,1.00
2016.09.22 09:06:11.611,1.78372,1.78413,1.00,1.00
2016.09.22 09:06:11.916,1.78371,1.78414,1.00,1.00
2016.09.22 09:06:12.106,1.78371,1.78412,1.00,1.00
2016.09.22 09:06:12.646,1.78371,1.78412,1.00,1.00
2016.09.22 09:06:12.747,1.7837,1.78412,1.00,1.00
2016.09.22 09:06:12.798,1.7837,1.78411,1.12,1.00
2016.09.22 09:06:12.848,1.78371,1.78412,1.00,1.00
2016.09.22 09:06:12.899,1.78369,1.78412,1.37,1.00
2016.09.22 09:06:12.950,1.78369,1.78412,1.37,1.00
2016.09.22 09:06:13.001,1.78369,1.78412,1.00,1.00
2016.09.22 09:06:13.160,1.78368,1.78412,1.12,1.00
2016.09.22 09:06:13.262,1.78369,1.78411,1.00,1.00
2016.09.22 09:06:13.313,1.78371,1.78413,1.00,1.00
2016.09.22 09:06:13.517,1.78369,1.78412,1.00,1.00
2016.09.22 09:06:13.771,1.78369,1.7841,1.00,1.00
2016.09.22 09:06:14.664,1.78367,1.78411,1.00,1.00
2016.09.22 09:06:14.867,1.78364,1.78403,1.12,1.00
2016.09.22 09:06:15.147,1.78364,1.78406,1.87,1.00
2016.09.22 09:06:15.517,1.78364,1.78406,1.12,1.00
2016.09.22 09:06:15.669,1.78364,1.78403,1.00,1.00
2016.09.22 09:06:16.319,1.78364,1.78405,1.50,1.00
2016.09.22 09:06:16.370,1.78365,1.78405,1.00,1.00
2016.09.22 09:06:16.876,1.78365,1.78407,1.00,1.00
2016.09.22 09:06:17.099,1.78367,1.78407,1.00,1.00
2016.09.22 09:06:17.251,1.7837,1.78414,1.00,1.00
2016.09.22 09:06:17.302,1.78372,1.78413,1.00,1.00
2016.09.22 09:06:17.353,1.78372,1.78415,1.00,1.00
2016.09.22 09:06:17.403,1.78374,1.78412,1.00,1.00
2016.09.22 09:06:17.606,1.78371,1.78411,1.00,1.00
2016.09.22 09:06:17.657,1.78371,1.78408,1.00,1.00
2016.09.22 09:06:17.810,1.78369,1.78407,1.00,1.00
2016.09.22 09:06:18.186,1.78366,1.78406,1.50,1.00
2016.09.22 09:06:18.289,1.78366,1.78404,1.00,1.00
2016.09.22 09:06:18.391,1.78363,1.78404,2.62,1.00
2016.09.22 09:06:18.441,1.78363,1.78403,1.87,1.00
2016.09.22 09:06:18.492,1.78365,1.78404,1.00,1.00
2016.09.22 09:06:19.564,1.78365,1.78403,1.00,1.00
2016.09.22 09:06:20.016,1.78365,1.78405,1.00,1.00
2016.09.22 09:06:20.303,1.78365,1.78407,1.00,1.00
2016.09.22 09:06:20.505,1.78365,1.78406,1.37,1.00
2016.09.22 09:06:20.606,1.78366,1.78406,1.75,1.00
2016.09.22 09:06:21.116,1.78366,1.78405,1.75,1.00
2016.09.22 09:06:21.285,1.78366,1.78408,1.75,1.00
2016.09.22 09:06:21.387,1.78366,1.78406,1.75,1.00
2016.09.22 09:06:21.686,1.78366,1.78408,1.75,1.00
2016.09.22 09:06:22.219,1.78366,1.78408,2.25,1.00
2016.09.22 09:06:22.469,1.78368,1.7841,1.75,1.00
2016.09.22 09:06:22.520,1.78367,1.7841,2.25,1.00
2016.09.22 09:06:22.622,1.78368,1.7841,2.25,1.00
2016.09.22 09:06:22.674,1.78368,1.7841,2.25,1.00
2016.09.22 09:06:22.775,1.78368,1.7841,3.00,1.00
2016.09.22 09:06:22.877,1.78368,1.78407,2.25,1.00
2016.09.22 09:06:22.929,1.78367,1.78407,3.00,1.00
2016.09.22 09:06:22.980,1.78367,1.78407,3.00,1.00
2016.09.22 09:06:23.321,1.78367,1.78409,3.00,1.00
2016.09.22 09:06:23.759,1.78367,1.78409,3.75,1.00
2016.09.22 09:06:23.810,1.78368,1.78409,3.00,1.00
2016.09.22 09:06:23.861,1.78369,1.7841,1.75,1.00
2016.09.22 09:06:24.017,1.78369,1.78412,2.25,1.00
2016.09.22 09:06:24.068,1.78374,1.78416,1.37,1.00
2016.09.22 09:06:24.119,1.78377,1.78411,1.00,1.00
2016.09.22 09:06:24.323,1.78371,1.78412,1.75,1.00
2016.09.22 09:06:24.627,1.78375,1.78417,1.75,1.00
2016.09.22 09:06:24.729,1.78372,1.78415,1.75,1.00
2016.09.22 09:06:24.830,1.78373,1.78412,1.75,1.00
2016.09.22 09:06:24.952,1.78371,1.78412,2.25,1.00
2016.09.22 09:06:25.054,1.78371,1.78414,3.00,1.00
2016.09.22 09:06:25.279,1.78371,1.78414,2.25,1.00
2016.09.22 09:06:27.293,1.78371,1.78413,2.25,1.00
2016.09.22 09:06:27.428,1.78372,1.78414,1.75,1.00
2016.09.22 09:06:28.236,1.78371,1.78413,2.25,1.00
2016.09.22 09:06:28.610,1.78371,1.78414,1.75,1.00
2016.09.22 09:06:29.093,1.78371,1.78414,3.00,1.00
2016.09.22 09:06:29.195,1.78372,1.78414,2.25,1.00
2016.09.22 09:06:29.296,1.78372,1.78414,3.00,1.00
2016.09.22 09:06:29.397,1.78374,1.78414,1.75,1.00
2016.09.22 09:06:29.692,1.78377,1.78418,1.75,1.00
2016.09.22 09:06:29.864,1.78376,1.78419,3.75,1.00
2016.09.22 09:06:30.016,1.78379,1.7842,1.75,1.00
2016.09.22 09:06:30.168,1.78379,1.78415,1.75,1.00
2016.09.22 09:06:30.219,1.78374,1.78413,1.50,1.00
2016.09.22 09:06:30.321,1.78374,1.78413,1.12,1.00
2016.09.22 09:06:30.422,1.78377,1.78413,1.00,1.00
2016.09.22 09:06:31.041,1.78377,1.78416,1.00,1.00
2016.09.22 09:06:31.243,1.78372,1.78415,1.75,1.00
2016.09.22 09:06:31.648,1.78372,1.78413,2.25,1.00
2016.09.22 09:06:33.186,1.78372,1.78413,1.75,1.00
2016.09.22 09:06:33.439,1.78371,1.78413,2.25,1.00
2016.09.22 09:06:34.672,1.78371,1.78414,2.25,1.00
2016.09.22 09:06:35.472,1.78371,1.78411,2.25,1.00
2016.09.22 09:06:35.523,1.78371,1.78409,1.75,1.00
2016.09.22 09:06:35.725,1.78373,1.78409,1.50,1.00
2016.09.22 09:06:35.827,1.78373,1.7841,1.12,1.00
2016.09.22 09:06:35.928,1.7837,1.78408,1.75,1.00
2016.09.22 09:06:36.030,1.78367,1.78408,1.75,1.00
2016.09.22 09:06:36.316,1.78372,1.78416,1.00,1.00
2016.09.22 09:06:37.742,1.78375,1.78417,1.00,1.00
2016.09.22 09:06:38.048,1.78373,1.78415,1.00,1.00
2016.09.22 09:06:38.315,1.78374,1.78417,1.00,1.00
2016.09.22 09:06:38.494,1.78377,1.78419,1.00,1.00
2016.09.22 09:06:38.545,1.78375,1.78419,1.00,1.00
2016.09.22 09:06:38.596,1.78374,1.78416,1.00,1.00
2016.09.22 09:06:38.798,1.78372,1.78416,1.50,1.00
2016.09.22 09:06:39.016,1.78373,1.78416,1.00,1.00
2016.09.22 09:06:39.118,1.78372,1.78416,1.50,1.00
2016.09.22 09:06:40.063,1.78372,1.78414,1.50,1.00
2016.09.22 09:06:42.186,1.78373,1.78415,1.00,1.00
2016.09.22 09:06:42.338,1.78373,1.78417,1.00,1.00
2016.09.22 09:06:42.541,1.78373,1.78417,1.50,1.00
2016.09.22 09:06:42.862,1.78374,1.78418,1.00,1.00
2016.09.22 09:06:42.963,1.78377,1.78418,1.00,1.00
2016.09.22 09:06:43.115,1.78378,1.7842,1.00,1.00
2016.09.22 09:06:43.283,1.78378,1.7842,1.50,1.00
2016.09.22 09:06:43.334,1.78384,1.78426,1.00,1.00
2016.09.22 09:06:43.436,1.78386,1.78427,1.00,1.00
2016.09.22 09:06:43.487,1.78387,1.78429,1.00,1.50
2016.09.22 09:06:43.538,1.78389,1.78432,1.00,1.00
2016.09.22 09:06:44.247,1.7839,1.78432,1.00,1.00
2016.09.22 09:06:44.851,1.78389,1.78432,1.00,1.00
2016.09.22 09:06:45.019,1.7838,1.78424,1.00,1.00
2016.09.22 09:06:45.170,1.78376,1.7842,1.00,1.00
2016.09.22 09:06:46.459,1.7838,1.78422,1.00,1.00
2016.09.22 09:06:46.794,1.78383,1.78425,1.00,1.00
2016.09.22 09:06:46.845,1.78381,1.78425,1.00,1.00
2016.09.22 09:06:46.946,1.78381,1.78423,1.00,1.00
2016.09.22 09:06:47.280,1.78383,1.78424,1.00,1.00
2016.09.22 09:06:47.331,1.78385,1.78429,1.00,1.00
2016.09.22 09:06:47.382,1.78387,1.78429,1.00,1.00
2016.09.22 09:06:47.853,1.78385,1.78429,1.00,1.00
2016.09.22 09:06:48.506,1.78387,1.78429,1.00,1.00
2016.09.22 09:06:49.375,1.78386,1.78428,1.00,1.00
2016.09.22 09:06:49.925,1.78385,1.78427,1.00,1.00
2016.09.22 09:06:50.501,1.78384,1.78429,1.00,1.00
2016.09.22 09:06:50.552,1.78386,1.78428,1.00,1.00
2016.09.22 09:06:51.107,1.78387,1.78429,1.00,1.00
2016.09.22 09:06:51.319,1.78384,1.78428,1.12,1.00
2016.09.22 09:06:51.370,1.78384,1.78428,1.00,1.00
2016.09.22 09:06:52.064,1.78384,1.78427,1.00,1.00
2016.09.22 09:06:52.570,1.78383,1.78427,1.00,1.00
2016.09.22 09:06:52.971,1.7838,1.78419,1.00,1.00
2016.09.22 09:06:53.022,1.78382,1.78424,1.00,1.00
2016.09.22 09:06:53.073,1.78381,1.78423,1.87,1.50
2016.09.22 09:06:53.124,1.78381,1.78423,1.87,1.00
2016.09.22 09:06:53.176,1.78383,1.78425,1.00,1.00
2016.09.22 09:06:53.330,1.78381,1.78425,1.50,1.00
2016.09.22 09:06:53.381,1.78381,1.78425,1.00,1.00
2016.09.22 09:06:53.553,1.7838,1.78422,1.50,1.00
2016.09.22 09:06:53.604,1.7838,1.78421,1.00,1.00
2016.09.22 09:06:53.705,1.78377,1.7842,1.00,1.00
2016.09.22 09:06:54.119,1.78381,1.78422,1.00,1.00
2016.09.22 09:06:54.170,1.78382,1.78424,1.12,1.00
2016.09.22 09:06:54.221,1.78384,1.78424,1.00,1.00
2016.09.22 09:06:54.310,1.78384,1.78428,1.00,1.00
2016.09.22 09:06:54.981,1.78386,1.78428,1.00,1.00
2016.09.22 09:06:55.082,1.78386,1.7843,1.00,1.00
2016.09.22 09:06:57.839,1.78387,1.78429,1.00,1.00
2016.09.22 09:06:57.890,1.78383,1.78425,1.00,1.00
2016.09.22 09:06:58.041,1.78381,1.78425,1.00,1.00
2016.09.22 09:06:58.584,1.7838,1.78424,1.00,1.00
2016.09.22 09:06:58.928,1.78382,1.78424,1.00,1.00
2016.09.22 09:06:59.094,1.78375,1.78419,1.00,1.00
2016.09.22 09:06:59.297,1.78376,1.78418,1.12,1.00
2016.09.22 09:06:59.399,1.78376,1.78419,1.00,1.00
2016.09.22 09:06:59.994,1.78376,1.78418,1.00,1.00
