2012.11.22 20:00:01.419,1.95469,1.95532,1.17,2.25
2012.11.22 20:00:01.540,1.95469,1.95532,1.17,1.50
2012.11.22 20:00:06.149,1.95478,1.95544,1.61,2.25
2012.11.22 20:00:10.130,1.95477,1.95544,1.61,2.25
2012.11.22 20:00:11.557,1.95477,1.95544,1.52,2.25
2012.11.22 20:00:12.599,1.95475,1.95543,1.52,1.58
2012.11.22 20:00:13.299,1.95475,1.95543,1.63,2.03
2012.11.22 20:00:15.151,1.95475,1.95542,1.63,2.70
2012.11.22 20:00:35.040,1.95468,1.95543,1.44,2.85
2012.11.22 20:00:35.179,1.95466,1.95543,1.20,2.85
2012.11.22 20:00:41.689,1.9546,1.95533,1.95,1.50
2012.11.22 20:00:41.809,1.95452,1.9552,1.45,1.63
2012.11.22 20:00:42.694,1.95452,1.9552,1.45,1.63
2012.11.22 20:00:42.876,1.95456,1.95523,1.52,1.73
2012.11.22 20:00:43.120,1.95464,1.95525,1.52,1.73
2012.11.22 20:00:43.609,1.95458,1.95522,2.27,1.73
2012.11.22 20:00:43.961,1.95458,1.95522,2.27,1.73
2012.11.22 20:00:44.019,1.95458,1.95519,1.73,1.27
2012.11.22 20:00:45.099,1.95458,1.95512,1.73,1.73
2012.11.22 20:00:45.159,1.95458,1.95512,1.73,1.73
2012.11.22 20:00:45.219,1.95458,1.95512,1.50,1.73
2012.11.22 20:00:46.010,1.95446,1.95512,1.63,1.73
2012.11.22 20:00:46.246,1.95437,1.95512,1.13,1.73
2012.11.22 20:00:46.619,1.95437,1.95503,1.13,1.50
2012.11.22 20:00:46.749,1.95431,1.95503,2.00,2.02
2012.11.22 20:00:47.930,1.95428,1.95491,1.73,1.45
2012.11.22 20:00:48.909,1.95417,1.95491,1.47,1.45
2012.11.22 20:00:49.029,1.95412,1.95479,1.43,1.43
2012.11.22 20:00:50.129,1.95427,1.95485,2.10,1.43
2012.11.22 20:00:50.370,1.95445,1.95505,1.73,1.27
2012.11.22 20:00:50.489,1.95445,1.95512,1.73,1.73
2012.11.22 20:00:50.669,1.95448,1.95522,1.36,2.55
2012.11.22 20:00:50.939,1.95451,1.95532,1.36,2.10
2012.11.22 20:00:55.083,1.95458,1.95538,2.10,2.25
2012.11.22 20:00:56.520,1.95466,1.95543,1.50,2.85
2012.11.22 20:00:56.770,1.95451,1.95532,1.36,2.10
2012.11.22 20:00:56.956,1.95451,1.95543,1.36,2.03
2012.11.22 20:01:00.542,1.95457,1.95543,1.73,2.03
2012.11.22 20:01:00.899,1.95468,1.95542,1.56,2.10
2012.11.22 20:01:04.409,1.95464,1.95534,1.23,1.50
2012.11.22 20:01:10.092,1.95467,1.95536,3.00,2.25
2012.11.22 20:01:10.149,1.95476,1.95536,1.50,1.50
2012.11.22 20:01:10.210,1.95476,1.95544,1.50,1.50
2012.11.22 20:01:10.330,1.95477,1.95544,1.20,1.50
2012.11.22 20:01:11.147,1.95478,1.95552,1.20,1.73
2012.11.22 20:01:13.119,1.95478,1.95552,1.20,1.73
2012.11.22 20:01:13.299,1.95477,1.95543,1.38,1.63
2012.11.22 20:01:14.266,1.95476,1.95542,1.38,1.73
2012.11.22 20:01:16.467,1.95467,1.95543,1.70,2.38
2012.11.22 20:01:24.849,1.95467,1.95543,1.70,2.38
2012.11.22 20:01:25.039,1.95464,1.95532,1.63,1.41
2012.11.22 20:01:25.099,1.95454,1.95513,1.47,1.50
2012.11.22 20:01:25.280,1.95436,1.95512,1.43,2.20
2012.11.22 20:01:26.362,1.95438,1.95512,1.73,2.20
2012.11.22 20:01:26.479,1.95442,1.95512,1.63,1.73
2012.11.22 20:01:32.856,1.95442,1.95512,1.63,1.73
2012.11.22 20:01:37.100,1.95442,1.95513,1.63,1.73
2012.11.22 20:01:49.325,1.95446,1.95512,1.25,1.50
2012.11.22 20:01:49.650,1.95443,1.95512,1.47,1.73
2012.11.22 20:01:52.795,1.95443,1.95514,1.47,1.73
2012.11.22 20:01:53.099,1.95456,1.95514,1.61,1.50
2012.11.22 20:01:53.542,1.95463,1.95522,1.63,3.08
2012.11.22 20:01:53.720,1.95463,1.95525,1.63,1.50
2012.11.22 20:01:54.500,1.95463,1.95523,1.63,2.33
2012.11.22 20:01:54.719,1.95463,1.95525,1.63,1.50
2012.11.22 20:01:55.278,1.95463,1.95525,1.63,1.50
2012.11.22 20:02:04.959,1.95463,1.95525,1.63,1.50
2012.11.22 20:02:14.968,1.95463,1.95525,1.63,1.50
2012.11.22 20:02:15.619,1.95463,1.95525,1.63,1.50
2012.11.22 20:02:25.040,1.95466,1.95532,1.54,2.25
2012.11.22 20:02:25.299,1.95475,1.95545,1.59,1.50
2012.11.22 20:02:25.480,1.95475,1.95564,1.59,2.22
2012.11.22 20:02:25.599,1.95492,1.95564,1.47,1.50
2012.11.22 20:02:25.719,1.95492,1.95575,1.47,1.50
2012.11.22 20:02:25.839,1.95486,1.95586,2.25,1.50
2012.11.22 20:02:26.139,1.95482,1.95602,2.25,1.50
2012.11.22 20:02:26.409,1.95482,1.95602,2.25,1.50
2012.11.22 20:02:26.469,1.95488,1.95614,1.50,1.50
2012.11.22 20:02:26.589,1.95498,1.95624,1.50,1.50
2012.11.22 20:02:26.949,1.95518,1.95628,1.50,1.50
2012.11.22 20:02:27.069,1.95518,1.95646,1.50,1.50
2012.11.22 20:02:27.130,1.95508,1.95646,1.58,1.50
2012.11.22 20:02:27.319,1.95491,1.95646,2.25,1.50
2012.11.22 20:02:34.878,1.95491,1.95646,2.25,1.50
2012.11.22 20:02:36.429,1.95495,1.95646,1.50,1.50
2012.11.22 20:02:36.488,1.95491,1.95646,2.25,1.50
2012.11.22 20:02:36.979,1.95491,1.95646,2.25,1.50
2012.11.22 20:02:41.990,1.95491,1.95646,2.25,1.50
2012.11.22 20:02:47.040,1.95491,1.95646,2.25,1.50
2012.11.22 20:02:47.099,1.95489,1.95644,2.25,1.50
2012.11.22 20:03:05.079,1.95489,1.95644,1.50,2.25
2012.11.22 20:03:07.065,1.95489,1.95643,1.50,1.50
2012.11.22 20:03:27.138,1.95493,1.95646,1.50,2.25
2012.11.22 20:03:31.648,1.95493,1.95558,1.50,0.75
2012.11.22 20:03:31.708,1.95491,1.95595,1.50,2.25
2012.11.22 20:03:31.769,1.95476,1.95573,1.50,1.50
2012.11.22 20:03:31.889,1.95477,1.95573,1.50,1.50
2012.11.22 20:03:31.995,1.95488,1.95592,2.18,1.50
2012.11.22 20:03:32.109,1.95488,1.95602,2.18,2.78
2012.11.22 20:03:32.349,1.95475,1.95628,2.25,1.50
2012.11.22 20:03:32.409,1.95484,1.95639,2.25,1.50
2012.11.22 20:03:32.470,1.95494,1.95627,1.50,1.50
2012.11.22 20:03:41.879,1.95494,1.95627,1.50,2.25
2012.11.22 20:03:41.939,1.95492,1.95616,1.50,2.25
2012.11.22 20:03:41.999,1.95485,1.95616,1.50,2.25
2012.11.22 20:03:42.119,1.95497,1.95605,2.18,1.50
2012.11.22 20:03:45.044,1.95487,1.95605,1.80,1.50
2012.11.22 20:03:45.260,1.95488,1.95602,1.58,2.18
2012.11.22 20:03:45.379,1.95487,1.95605,2.40,1.50
2012.11.22 20:03:48.709,1.95488,1.95602,2.70,1.95
2012.11.22 20:03:50.559,1.95488,1.95592,2.70,1.50
2012.11.22 20:03:50.679,1.95486,1.95593,1.50,1.50
2012.11.22 20:03:51.218,1.95486,1.95582,1.50,1.50
2012.11.22 20:03:54.944,1.95486,1.95583,1.50,1.50
2012.11.22 20:03:57.579,1.95488,1.95592,1.80,1.50
2012.11.22 20:03:57.690,1.95486,1.95592,1.50,1.50
2012.11.22 20:04:04.970,1.95486,1.95583,1.50,1.50
2012.11.22 20:04:15.040,1.95486,1.95582,1.50,1.50
2012.11.22 20:04:18.879,1.95478,1.95574,1.50,1.50
2012.11.22 20:04:21.474,1.95475,1.95572,1.50,1.50
2012.11.22 20:04:22.682,1.95478,1.95574,1.50,1.50
2012.11.22 20:04:22.800,1.95476,1.9558,1.50,2.25
2012.11.22 20:04:22.999,1.95476,1.95569,1.50,2.25
2012.11.22 20:04:24.082,1.95476,1.95568,1.50,2.25
2012.11.22 20:04:25.046,1.95478,1.95568,2.40,1.50
2012.11.22 20:04:29.446,1.95467,1.95568,1.73,1.50
2012.11.22 20:04:29.509,1.95467,1.95554,1.73,1.50
2012.11.22 20:04:35.199,1.95468,1.95554,1.80,1.50
2012.11.22 20:04:37.969,1.95468,1.95556,1.80,1.50
2012.11.22 20:04:38.029,1.95468,1.95563,1.80,1.50
2012.11.22 20:04:38.210,1.95458,1.95554,3.08,1.50
2012.11.22 20:04:43.300,1.95457,1.9554,2.97,1.50
2012.11.22 20:04:43.711,1.95457,1.9553,2.97,1.50
2012.11.22 20:04:45.211,1.95457,1.95532,2.97,1.50
2012.11.22 20:04:45.269,1.95457,1.95542,2.44,1.50
2012.11.22 20:04:52.060,1.95458,1.95542,2.63,1.50
2012.11.22 20:05:04.870,1.95457,1.95542,2.55,1.50
2012.11.22 20:05:05.227,1.95457,1.95536,2.55,1.50
2012.11.22 20:05:08.378,1.95457,1.95536,2.55,2.25
2012.11.22 20:05:08.930,1.95446,1.95537,1.47,2.48
2012.11.22 20:05:28.110,1.95447,1.95537,2.93,2.48
2012.11.22 20:05:35.020,1.95448,1.95537,2.85,2.48
2012.11.22 20:05:35.119,1.95448,1.95537,2.85,2.25
2012.11.22 20:05:37.408,1.95447,1.95537,3.74,2.25
2012.11.22 20:05:50.434,1.95448,1.95549,2.40,2.48
2012.11.22 20:05:54.627,1.95455,1.95549,1.73,2.48
2012.11.22 20:05:54.819,1.95456,1.95551,1.20,2.48
2012.11.22 20:05:55.379,1.95456,1.95545,1.20,1.73
2012.11.22 20:05:59.563,1.95456,1.95553,1.20,1.73
2012.11.22 20:06:04.100,1.95456,1.95553,1.20,1.73
2012.11.22 20:06:04.294,1.95452,1.95533,1.45,1.34
2012.11.22 20:06:40.290,1.95452,1.95533,1.45,1.34
2012.11.22 20:06:40.720,1.95465,1.95535,1.56,1.73
2012.11.22 20:06:46.600,1.95475,1.95543,1.52,1.73
2012.11.22 20:06:53.493,1.95482,1.95545,1.52,1.73
2012.11.22 20:06:53.810,1.95482,1.95543,1.52,2.48
2012.11.22 20:06:56.541,1.95482,1.95545,1.52,1.73
2012.11.22 20:06:57.257,1.95483,1.95545,1.29,1.73
2012.11.22 20:07:01.891,1.95485,1.95545,1.41,1.73
2012.11.22 20:07:01.967,1.95483,1.95545,1.23,1.73
2012.11.22 20:07:02.030,1.95476,1.95543,1.23,1.73
2012.11.22 20:07:02.641,1.95483,1.95544,1.23,1.73
2012.11.22 20:07:02.760,1.95476,1.95543,1.23,1.73
2012.11.22 20:07:05.242,1.95473,1.95542,1.42,1.73
2012.11.22 20:07:05.300,1.95458,1.95535,1.41,1.41
2012.11.22 20:07:13.370,1.95459,1.95536,1.29,1.34
2012.11.22 20:07:22.181,1.95459,1.95536,1.29,1.34
2012.11.22 20:07:22.272,1.95457,1.95535,1.59,1.20
2012.11.22 20:07:23.390,1.95464,1.95535,1.59,1.20
2012.11.22 20:07:23.511,1.95464,1.95543,1.59,1.20
2012.11.22 20:07:23.700,1.95486,1.95544,1.47,1.50
2012.11.22 20:07:24.448,1.95486,1.95544,1.47,1.50
2012.11.22 20:07:24.931,1.95477,1.95542,1.33,1.50
2012.11.22 20:07:25.251,1.95477,1.95542,1.33,1.50
2012.11.22 20:07:25.310,1.95458,1.95535,1.32,1.47
2012.11.22 20:07:25.472,1.95455,1.95535,1.73,1.20
2012.11.22 20:07:30.645,1.95458,1.95535,1.04,1.29
2012.11.22 20:07:30.759,1.95453,1.95526,1.59,1.25
2012.11.22 20:07:32.103,1.9545,1.95527,1.52,1.29
2012.11.22 20:07:32.306,1.9545,1.95527,1.52,1.29
2012.11.22 20:07:32.430,1.9545,1.95527,1.52,1.29
2012.11.22 20:07:32.490,1.95438,1.95523,2.18,1.34
2012.11.22 20:07:34.992,1.95437,1.95523,2.63,1.34
2012.11.22 20:07:48.384,1.9544,1.95525,1.61,1.52
2012.11.22 20:08:06.565,1.9544,1.95522,1.61,1.73
2012.11.22 20:08:06.920,1.95427,1.95497,2.78,1.25
2012.11.22 20:08:07.229,1.95427,1.95485,1.95,1.54
2012.11.22 20:08:07.290,1.95418,1.95485,3.00,1.54
2012.11.22 20:08:07.470,1.95428,1.95495,2.85,1.33
2012.11.22 20:08:07.590,1.95438,1.95509,2.55,1.52
2012.11.22 20:08:07.950,1.95441,1.95522,1.36,1.73
2012.11.22 20:08:16.909,1.95448,1.95525,2.18,1.29
2012.11.22 20:08:18.066,1.95448,1.95525,2.70,1.36
2012.11.22 20:08:25.032,1.9544,1.95523,1.47,1.73
2012.11.22 20:08:26.038,1.9544,1.95523,1.47,1.73
2012.11.22 20:08:26.391,1.95438,1.9551,2.40,1.56
2012.11.22 20:08:32.080,1.95432,1.9551,1.23,1.56
2012.11.22 20:08:32.140,1.95432,1.9551,1.23,1.56
2012.11.22 20:08:32.916,1.95427,1.955,2.55,1.32
2012.11.22 20:08:35.500,1.95428,1.955,1.58,1.32
2012.11.22 20:08:36.356,1.95418,1.955,1.73,1.32
2012.11.22 20:08:36.410,1.95418,1.955,1.73,1.32
2012.11.22 20:08:44.960,1.95427,1.95485,2.93,1.54
2012.11.22 20:08:45.481,1.95428,1.95485,1.50,1.54
2012.11.22 20:08:54.932,1.95427,1.95485,2.85,1.54
2012.11.22 20:09:03.110,1.95428,1.95485,1.50,1.54
2012.11.22 20:09:04.942,1.95427,1.95485,2.93,1.54
2012.11.22 20:09:06.476,1.95418,1.95485,2.70,1.54
2012.11.22 20:09:12.196,1.95417,1.95485,2.10,1.54
2012.11.22 20:09:14.952,1.95418,1.95485,2.40,1.54
2012.11.22 20:09:18.841,1.95418,1.95482,2.18,1.25
2012.11.22 20:09:20.040,1.95428,1.95482,2.70,1.25
2012.11.22 20:09:24.641,1.95428,1.95484,2.70,1.50
2012.11.22 20:09:24.900,1.95409,1.95484,2.25,1.50
2012.11.22 20:09:25.020,1.95428,1.95484,2.70,1.50
2012.11.22 20:09:25.197,1.95417,1.95484,2.85,1.50
2012.11.22 20:09:25.511,1.95417,1.95475,2.93,1.38
2012.11.22 20:09:26.572,1.95418,1.95475,1.73,1.38
2012.11.22 20:09:30.038,1.95417,1.95474,1.65,1.38
2012.11.22 20:09:30.934,1.95418,1.95474,2.48,1.38
2012.11.22 20:09:31.111,1.95427,1.95484,1.65,1.38
2012.11.22 20:09:31.734,1.95428,1.95484,2.18,1.38
2012.11.22 20:09:34.262,1.95427,1.95484,2.85,1.38
2012.11.22 20:09:35.033,1.95417,1.95484,2.10,1.38
2012.11.22 20:09:47.675,1.95418,1.95484,1.80,1.38
2012.11.22 20:09:49.071,1.95418,1.95484,1.80,1.38
2012.11.22 20:09:49.290,1.95418,1.95484,1.80,1.38
2012.11.22 20:09:50.350,1.95417,1.95484,1.58,1.38
2012.11.22 20:10:03.550,1.95428,1.95484,2.63,1.38
2012.11.22 20:10:03.621,1.95431,1.95498,1.27,1.43
2012.11.22 20:10:04.010,1.95426,1.95484,1.50,1.63
2012.11.22 20:10:04.070,1.95408,1.95483,2.55,1.63
2012.11.22 20:10:05.045,1.95407,1.95483,1.73,1.63
2012.11.22 20:10:17.642,1.95408,1.95483,2.48,1.63
2012.11.22 20:10:21.121,1.95408,1.95483,2.48,1.63
2012.11.22 20:10:21.300,1.95388,1.95454,2.48,1.29
2012.11.22 20:10:21.361,1.95388,1.95454,2.48,1.29
2012.11.22 20:10:21.751,1.95388,1.95454,3.08,1.29
2012.11.22 20:10:22.820,1.95398,1.9546,2.25,1.59
2012.11.22 20:10:22.880,1.95398,1.9546,2.25,1.59
2012.11.22 20:10:23.000,1.95399,1.95466,1.63,1.32
2012.11.22 20:10:23.063,1.95399,1.95466,1.63,1.32
2012.11.22 20:10:23.530,1.95387,1.95454,2.46,1.38
2012.11.22 20:10:25.087,1.95388,1.95454,2.18,1.38
2012.11.22 20:10:25.607,1.95387,1.95454,3.21,1.38
2012.11.22 20:10:26.148,1.95387,1.95454,3.21,1.38
2012.11.22 20:10:26.501,1.95388,1.95447,3.15,1.50
2012.11.22 20:10:26.857,1.95388,1.95447,3.15,1.50
2012.11.22 20:10:29.254,1.95387,1.95447,3.08,1.50
2012.11.22 20:10:31.201,1.95387,1.9545,3.08,1.50
2012.11.22 20:10:32.080,1.95387,1.95454,3.73,1.25
2012.11.22 20:10:34.500,1.95392,1.95463,1.34,1.36
2012.11.22 20:10:38.520,1.95392,1.95463,1.34,1.36
2012.11.22 20:10:40.274,1.95392,1.95463,1.34,1.36
2012.11.22 20:11:05.018,1.95397,1.95463,1.95,1.36
2012.11.22 20:11:14.304,1.95392,1.95463,1.34,1.36
2012.11.22 20:11:34.281,1.95395,1.95472,1.25,1.47
2012.11.22 20:11:34.521,1.95397,1.95483,1.43,2.40
2012.11.22 20:11:34.605,1.95398,1.95493,1.43,1.73
2012.11.22 20:11:35.491,1.95398,1.95502,1.32,1.50
2012.11.22 20:11:35.610,1.95408,1.95502,2.33,2.25
2012.11.22 20:11:37.471,1.95418,1.95502,1.63,2.25
2012.11.22 20:11:37.771,1.95427,1.95521,2.18,2.48
2012.11.22 20:11:38.012,1.95427,1.95521,1.73,1.50
2012.11.22 20:11:40.130,1.95405,1.95502,1.50,2.33
2012.11.22 20:11:45.080,1.95418,1.95521,2.78,1.50
2012.11.22 20:11:55.086,1.95418,1.95514,2.78,1.50
2012.11.22 20:11:55.644,1.95418,1.95511,2.78,1.50
2012.11.22 20:12:12.312,1.95418,1.95511,2.10,2.25
2012.11.22 20:12:12.964,1.95417,1.95511,2.40,2.25
2012.11.22 20:12:13.082,1.95417,1.95511,2.40,2.25
2012.11.22 20:12:13.360,1.95407,1.95511,2.18,2.25
2012.11.22 20:12:15.113,1.95407,1.95502,2.18,1.50
2012.11.22 20:12:21.451,1.95408,1.95502,2.33,1.50
2012.11.22 20:12:25.763,1.95408,1.95492,2.33,1.50
2012.11.22 20:12:26.671,1.95418,1.95492,2.70,1.50
2012.11.22 20:12:27.827,1.95418,1.95496,2.70,2.25
2012.11.22 20:12:30.411,1.95407,1.95503,2.25,2.25
2012.11.22 20:12:35.044,1.95408,1.95503,2.18,2.25
2012.11.22 20:12:35.570,1.95407,1.95491,2.10,1.50
2012.11.22 20:12:50.582,1.95407,1.95481,2.63,1.50
2012.11.22 20:13:01.222,1.95407,1.95481,2.25,2.25
2012.11.22 20:13:10.788,1.95407,1.95473,2.40,1.50
2012.11.22 20:13:15.544,1.95398,1.95473,1.65,1.50
2012.11.22 20:13:18.660,1.95406,1.95476,1.50,1.50
2012.11.22 20:13:18.725,1.95406,1.95486,1.50,1.50
2012.11.22 20:13:18.841,1.95408,1.95486,2.93,1.50
2012.11.22 20:13:19.502,1.95418,1.95486,2.78,1.50
2012.11.22 20:13:24.100,1.95418,1.95488,2.78,1.50
2012.11.22 20:13:24.161,1.95418,1.95503,2.78,1.73
2012.11.22 20:13:24.341,1.95418,1.95492,2.63,1.50
2012.11.22 20:13:24.629,1.95418,1.95495,2.63,1.50
2012.11.22 20:13:24.699,1.95418,1.95501,2.63,1.73
2012.11.22 20:13:24.971,1.95418,1.95492,2.63,1.50
2012.11.22 20:13:25.749,1.95417,1.95492,2.70,1.50
2012.11.22 20:13:30.392,1.95408,1.95492,3.08,1.50
2012.11.22 20:13:34.683,1.95407,1.95492,2.18,1.50
2012.11.22 20:13:38.151,1.95408,1.95492,2.18,1.50
2012.11.22 20:13:44.949,1.95408,1.95483,2.18,1.50
2012.11.22 20:13:45.945,1.95407,1.95483,2.48,1.50
2012.11.22 20:14:04.934,1.95407,1.95482,2.48,1.50
2012.11.22 20:14:15.383,1.95408,1.95482,2.03,1.50
2012.11.22 20:14:19.227,1.95417,1.95482,2.33,1.50
2012.11.22 20:14:24.261,1.95417,1.95493,2.33,1.73
2012.11.22 20:14:25.066,1.95407,1.95493,2.25,1.73
2012.11.22 20:14:27.878,1.95407,1.95486,2.25,1.50
2012.11.22 20:14:28.183,1.95407,1.95483,2.25,1.50
2012.11.22 20:14:47.841,1.95407,1.95482,2.55,1.50
2012.11.22 20:14:48.286,1.95407,1.95479,2.55,1.50
2012.11.22 20:14:53.071,1.95407,1.9549,2.55,1.50
2012.11.22 20:14:55.066,1.95418,1.9549,1.50,1.50
2012.11.22 20:14:56.822,1.95417,1.9549,2.55,1.50
2012.11.22 20:14:57.755,1.95418,1.9549,2.18,1.50
2012.11.22 20:15:02.422,1.95417,1.9549,2.03,1.50
2012.11.22 20:15:12.977,1.95417,1.95487,1.80,1.50
2012.11.22 20:15:14.193,1.95417,1.95485,1.80,1.50
2012.11.22 20:15:14.941,1.95418,1.95485,2.55,1.50
2012.11.22 20:15:33.172,1.95418,1.95484,1.95,1.50
2012.11.22 20:15:52.421,1.95418,1.95495,1.73,1.73
2012.11.22 20:15:55.007,1.95427,1.95495,2.55,1.73
2012.11.22 20:15:55.351,1.95417,1.95495,2.10,1.73
2012.11.22 20:16:04.902,1.95408,1.95495,3.00,1.73
2012.11.22 20:16:05.031,1.95417,1.95495,2.93,1.73
2012.11.22 20:16:05.480,1.95407,1.95495,2.48,1.73
2012.11.22 20:16:09.959,1.95402,1.95495,1.41,1.73
2012.11.22 20:16:12.371,1.95407,1.95488,1.73,1.50
2012.11.22 20:16:12.758,1.95417,1.95498,2.93,1.73
2012.11.22 20:16:15.041,1.95428,1.95498,2.55,1.73
2012.11.22 20:16:17.723,1.95428,1.95498,2.55,2.48
2012.11.22 20:16:17.882,1.95417,1.95498,2.40,2.48
2012.11.22 20:16:17.942,1.95417,1.95498,2.40,2.48
2012.11.22 20:16:24.924,1.95428,1.95498,1.50,2.48
2012.11.22 20:16:25.291,1.95417,1.95498,2.78,2.48
2012.11.22 20:16:34.941,1.95427,1.95499,2.63,1.27
2012.11.22 20:16:44.941,1.95428,1.95499,1.65,1.27
2012.11.22 20:16:54.950,1.95427,1.95499,1.80,1.27
2012.11.22 20:16:55.279,1.95418,1.95499,2.33,1.27
2012.11.22 20:17:04.971,1.95428,1.95499,1.88,1.27
2012.11.22 20:17:15.041,1.95428,1.95497,2.03,1.50
2012.11.22 20:17:15.101,1.95428,1.95497,2.03,2.25
2012.11.22 20:17:15.899,1.95427,1.95497,2.33,2.48
2012.11.22 20:17:17.621,1.95428,1.95497,1.65,2.48
2012.11.22 20:17:18.232,1.95428,1.95497,3.00,2.48
2012.11.22 20:17:20.578,1.95427,1.95497,2.03,2.48
2012.11.22 20:17:24.168,1.95428,1.95497,2.03,2.48
2012.11.22 20:17:28.239,1.95438,1.95497,1.65,2.48
2012.11.22 20:17:29.668,1.95428,1.95497,3.08,2.48
2012.11.22 20:17:34.840,1.95437,1.95503,2.48,2.48
2012.11.22 20:17:37.641,1.95437,1.95503,2.40,1.73
2012.11.22 20:17:37.822,1.95436,1.95503,2.25,1.50
2012.11.22 20:17:37.881,1.95436,1.95503,1.50,2.25
2012.11.22 20:17:38.113,1.95427,1.95503,2.70,2.48
2012.11.22 20:17:44.971,1.95437,1.95503,2.85,2.48
2012.11.22 20:17:46.217,1.95437,1.95503,2.85,1.73
2012.11.22 20:17:46.383,1.95437,1.95503,3.08,1.50
2012.11.22 20:17:51.607,1.95437,1.95503,3.08,2.25
2012.11.22 20:17:54.981,1.95447,1.95495,1.50,2.25
2012.11.22 20:18:04.881,1.95427,1.95495,3.15,1.50
2012.11.22 20:18:12.863,1.95427,1.95498,3.15,1.50
2012.11.22 20:18:12.921,1.95427,1.955,3.15,1.50
2012.11.22 20:18:15.001,1.95438,1.955,1.80,1.50
2012.11.22 20:18:17.968,1.95427,1.955,2.48,1.50
2012.11.22 20:18:25.011,1.95448,1.955,1.95,1.50
2012.11.22 20:18:27.977,1.95428,1.955,2.33,1.50
2012.11.22 20:18:32.673,1.95428,1.955,2.85,2.25
2012.11.22 20:18:33.032,1.95428,1.95497,2.85,1.73
2012.11.22 20:18:34.607,1.95428,1.95497,2.85,1.50
2012.11.22 20:18:35.542,1.95448,1.95497,2.40,1.50
2012.11.22 20:18:36.123,1.95427,1.95497,1.47,2.25
2012.11.22 20:18:36.301,1.95418,1.95497,1.73,2.48
2012.11.22 20:18:45.002,1.95437,1.95497,1.73,2.48
2012.11.22 20:18:53.003,1.95437,1.95489,1.73,1.50
2012.11.22 20:18:53.802,1.95428,1.95489,2.33,1.50
2012.11.22 20:18:54.151,1.95426,1.95489,1.45,1.50
2012.11.22 20:18:54.211,1.95418,1.95489,1.95,1.50
2012.11.22 20:18:55.010,1.95438,1.95489,1.65,1.50
2012.11.22 20:19:04.910,1.95417,1.95489,2.03,1.50
2012.11.22 20:19:05.031,1.95438,1.95489,1.88,1.50
2012.11.22 20:19:05.237,1.95417,1.95489,2.03,1.50
2012.11.22 20:19:08.946,1.95417,1.95489,2.03,2.25
2012.11.22 20:19:15.041,1.95437,1.95492,2.10,2.48
2012.11.22 20:19:25.022,1.95438,1.95492,1.80,2.48
2012.11.22 20:19:26.226,1.95418,1.95492,1.73,2.48
2012.11.22 20:19:33.784,1.95418,1.95493,1.73,1.73
2012.11.22 20:19:34.079,1.95418,1.95493,1.73,1.50
2012.11.22 20:19:34.924,1.95437,1.95493,2.55,1.50
2012.11.22 20:19:42.579,1.95437,1.95493,2.55,2.25
2012.11.22 20:19:43.080,1.95437,1.95493,2.55,2.25
2012.11.22 20:19:43.145,1.95437,1.95483,2.55,1.50
2012.11.22 20:19:52.061,1.95417,1.95483,3.15,1.50
2012.11.22 20:19:54.992,1.95438,1.95483,1.95,1.50
2012.11.22 20:19:58.286,1.95417,1.95483,2.85,1.50
2012.11.22 20:20:00.745,1.95417,1.95483,2.85,1.73
2012.11.22 20:20:01.205,1.95417,1.95483,2.85,2.25
2012.11.22 20:20:01.300,1.95417,1.95483,2.85,1.50
2012.11.22 20:20:02.826,1.95417,1.95481,2.85,1.50
2012.11.22 20:20:05.003,1.95428,1.95481,2.48,1.50
2012.11.22 20:20:05.222,1.95407,1.95481,3.08,1.50
2012.11.22 20:20:05.989,1.95408,1.95481,3.08,1.50
2012.11.22 20:20:14.952,1.95427,1.95481,2.25,1.50
2012.11.22 20:20:15.412,1.95407,1.95481,1.73,1.50
2012.11.22 20:20:19.455,1.95418,1.95481,2.63,1.50
2012.11.22 20:20:22.951,1.95418,1.95484,2.63,1.73
2012.11.22 20:20:23.333,1.95407,1.95485,2.03,2.48
2012.11.22 20:20:23.409,1.95407,1.95485,2.03,2.48
2012.11.22 20:20:23.533,1.95408,1.95475,1.95,2.25
2012.11.22 20:20:23.802,1.95401,1.95475,1.56,2.25
2012.11.22 20:20:24.191,1.95401,1.95474,1.56,2.25
2012.11.22 20:20:24.623,1.95401,1.95474,1.56,2.25
2012.11.22 20:20:24.882,1.95401,1.95474,1.56,2.25
2012.11.22 20:20:25.280,1.95428,1.95474,2.25,2.25
2012.11.22 20:20:25.401,1.95428,1.95474,2.25,1.50
2012.11.22 20:20:30.633,1.95408,1.95474,2.78,1.50
2012.11.22 20:20:35.023,1.95428,1.95474,2.10,1.50
2012.11.22 20:20:36.225,1.95401,1.95474,1.20,1.50
2012.11.22 20:20:36.352,1.95407,1.95474,3.00,1.50
2012.11.22 20:20:37.856,1.95408,1.95474,3.15,1.50
2012.11.22 20:20:43.687,1.95408,1.95475,3.15,2.25
2012.11.22 20:20:45.038,1.95427,1.95475,2.33,2.25
2012.11.22 20:20:48.175,1.95408,1.95475,1.80,2.25
2012.11.22 20:20:55.000,1.95427,1.95475,2.85,2.25
2012.11.22 20:21:03.772,1.95427,1.95469,2.85,1.50
2012.11.22 20:21:04.491,1.95427,1.95469,2.85,2.25
2012.11.22 20:21:04.603,1.95427,1.95469,2.85,1.50
2012.11.22 20:21:06.433,1.95408,1.95469,2.93,1.50
2012.11.22 20:21:07.802,1.95408,1.95469,2.93,2.25
2012.11.22 20:21:08.128,1.95408,1.95469,2.93,1.50
2012.11.22 20:21:10.431,1.95407,1.95469,2.55,1.50
2012.11.22 20:21:13.145,1.95408,1.95469,2.18,1.50
2012.11.22 20:21:15.023,1.95428,1.95469,2.40,1.50
2012.11.22 20:21:31.279,1.95407,1.95469,2.40,1.50
2012.11.22 20:21:35.129,1.95428,1.95469,2.63,1.50
2012.11.22 20:21:36.282,1.95407,1.95469,2.70,1.50
2012.11.22 20:21:41.214,1.95408,1.95469,2.10,1.50
2012.11.22 20:21:43.941,1.95408,1.95466,2.25,1.50
2012.11.22 20:21:45.075,1.95427,1.95466,1.88,1.50
2012.11.22 20:21:51.502,1.95408,1.95466,2.18,1.50
2012.11.22 20:21:54.974,1.95428,1.95466,2.70,1.50
2012.11.22 20:22:01.348,1.95407,1.95466,1.61,1.50
2012.11.22 20:22:03.926,1.95408,1.95469,1.61,1.50
2012.11.22 20:22:03.981,1.95408,1.95473,1.61,1.50
2012.11.22 20:22:05.082,1.95428,1.95473,2.85,1.50
2012.11.22 20:22:07.053,1.95408,1.95473,2.88,1.50
2012.11.22 20:22:15.102,1.95428,1.95473,2.93,1.50
2012.11.22 20:22:23.971,1.95428,1.95474,2.93,2.25
2012.11.22 20:22:36.608,1.95408,1.95474,3.71,2.25
2012.11.22 20:22:44.046,1.95408,1.95473,3.71,1.50
2012.11.22 20:22:44.126,1.95408,1.9547,3.71,1.50
2012.11.22 20:22:44.973,1.95427,1.9547,1.88,1.50
2012.11.22 20:23:05.075,1.95428,1.9547,2.40,1.50
2012.11.22 20:23:08.272,1.95408,1.9547,1.61,1.50
2012.11.22 20:23:15.086,1.95427,1.9547,2.48,1.50
2012.11.22 20:23:18.282,1.95408,1.9547,1.61,1.50
2012.11.22 20:23:24.989,1.95427,1.9547,2.48,1.50
2012.11.22 20:23:31.701,1.95408,1.9547,1.61,1.50
2012.11.22 20:23:34.992,1.95427,1.9547,2.18,1.50
2012.11.22 20:23:44.402,1.95427,1.95468,2.18,1.50
2012.11.22 20:23:58.122,1.95408,1.95468,3.33,1.50
2012.11.22 20:24:04.396,1.95408,1.95472,3.33,1.50
2012.11.22 20:24:04.948,1.95408,1.95473,3.33,1.50
2012.11.22 20:24:05.054,1.95427,1.95473,2.40,1.50
2012.11.22 20:24:05.212,1.95408,1.95473,3.26,1.50
2012.11.22 20:24:15.012,1.95418,1.95473,2.03,1.50
2012.11.22 20:24:21.752,1.95408,1.95473,1.61,1.50
2012.11.22 20:24:24.511,1.95408,1.95476,1.61,1.50
2012.11.22 20:24:25.051,1.95428,1.95476,1.88,1.50
2012.11.22 20:24:29.002,1.95408,1.95476,1.61,1.50
2012.11.22 20:24:34.893,1.95407,1.95468,1.61,1.50
2012.11.22 20:24:35.333,1.95428,1.95465,1.58,1.50
2012.11.22 20:24:35.882,1.95428,1.95475,1.58,1.50
2012.11.22 20:24:37.431,1.95428,1.95475,1.58,2.25
2012.11.22 20:24:37.614,1.95398,1.95466,2.93,2.25
2012.11.22 20:24:37.789,1.95398,1.95463,2.93,1.50
2012.11.22 20:24:40.202,1.95397,1.95463,2.73,1.50
2012.11.22 20:24:44.031,1.95406,1.95463,1.73,1.50
2012.11.22 20:24:44.093,1.95407,1.95474,1.25,1.50
2012.11.22 20:24:44.383,1.95418,1.95474,1.73,1.50
2012.11.22 20:24:44.522,1.95408,1.95474,1.25,1.50
2012.11.22 20:24:44.722,1.95408,1.95465,3.42,1.50
2012.11.22 20:24:56.109,1.95407,1.95468,1.25,1.50
2012.11.22 20:24:56.172,1.95407,1.95474,1.25,1.50
2012.11.22 20:24:56.232,1.95407,1.95474,1.90,1.50
2012.11.22 20:24:56.293,1.95407,1.95474,1.38,1.50
2012.11.22 20:24:58.390,1.95407,1.95474,1.47,1.50
2012.11.22 20:24:58.983,1.95408,1.95474,1.52,1.50
2012.11.22 20:25:01.312,1.95397,1.95474,2.48,2.48
2012.11.22 20:25:05.053,1.95408,1.95474,2.03,2.48
2012.11.22 20:25:11.192,1.95397,1.95474,3.00,2.48
2012.11.22 20:25:15.040,1.95398,1.95474,2.93,2.48
2012.11.22 20:25:15.392,1.95396,1.95474,2.34,2.48
2012.11.22 20:25:16.222,1.95396,1.95467,2.34,1.50
2012.11.22 20:25:17.461,1.95397,1.95467,2.48,1.50
2012.11.22 20:25:20.210,1.95397,1.95467,2.48,2.25
2012.11.22 20:25:25.046,1.95396,1.95467,1.59,2.25
2012.11.22 20:25:35.061,1.95407,1.95467,1.95,2.25
2012.11.22 20:25:37.166,1.95407,1.95467,1.95,1.50
2012.11.22 20:25:37.235,1.95416,1.95467,1.52,1.50
2012.11.22 20:25:37.533,1.95418,1.95478,2.10,2.48
2012.11.22 20:25:38.293,1.95427,1.95478,1.88,2.48
2012.11.22 20:25:38.981,1.95427,1.95478,1.95,2.48
2012.11.22 20:25:45.002,1.95438,1.95478,2.40,2.48
2012.11.22 20:25:45.332,1.95418,1.95478,2.76,2.48
2012.11.22 20:25:46.362,1.95418,1.95478,2.76,2.48
2012.11.22 20:25:46.853,1.95407,1.95467,2.93,2.48
2012.11.22 20:25:47.063,1.95418,1.95467,1.95,2.48
2012.11.22 20:25:47.854,1.95417,1.95467,1.50,2.48
2012.11.22 20:25:49.053,1.95407,1.95467,2.78,2.48
2012.11.22 20:25:49.584,1.95408,1.95467,2.70,2.48
2012.11.22 20:25:56.423,1.95398,1.95467,2.63,2.48
2012.11.22 20:26:05.074,1.95377,1.95457,2.52,2.48
2012.11.22 20:26:05.993,1.95378,1.95457,3.15,2.48
2012.11.22 20:26:06.897,1.95377,1.95457,2.52,2.48
2012.11.22 20:26:10.576,1.95378,1.95457,2.40,2.48
2012.11.22 20:26:11.933,1.95378,1.95457,2.40,2.48
2012.11.22 20:26:14.415,1.95378,1.95457,2.40,2.48
2012.11.22 20:26:14.496,1.95378,1.95449,2.40,1.50
2012.11.22 20:26:15.019,1.95375,1.95446,1.25,1.50
2012.11.22 20:26:24.915,1.95388,1.95446,2.70,1.50
2012.11.22 20:26:25.142,1.95377,1.95446,1.25,1.50
2012.11.22 20:26:26.465,1.95367,1.95446,1.85,2.25
2012.11.22 20:26:26.792,1.95378,1.95458,2.01,2.48
2012.11.22 20:26:29.918,1.95378,1.95467,2.01,1.43
2012.11.22 20:27:02.362,1.95375,1.95462,1.38,2.48
2012.11.22 20:27:03.207,1.95375,1.95454,1.38,1.50
2012.11.22 20:27:03.262,1.95375,1.95451,1.38,1.50
2012.11.22 20:27:23.248,1.95375,1.95454,1.38,1.50
2012.11.22 20:27:24.179,1.95375,1.95456,1.38,2.48
2012.11.22 20:27:25.624,1.95375,1.95455,1.38,1.73
2012.11.22 20:27:26.224,1.95375,1.95456,1.38,2.48
2012.11.22 20:27:26.542,1.95375,1.95455,1.38,1.73
2012.11.22 20:27:26.613,1.95375,1.95456,1.38,2.48
2012.11.22 20:27:35.302,1.95367,1.95456,1.26,2.48
2012.11.22 20:27:43.413,1.95367,1.95451,1.26,1.50
2012.11.22 20:28:03.442,1.95367,1.95449,1.26,1.50
2012.11.22 20:28:15.723,1.95386,1.95451,1.63,1.50
2012.11.22 20:28:15.902,1.95386,1.95458,1.63,1.50
2012.11.22 20:28:20.750,1.95396,1.95458,1.23,1.50
2012.11.22 20:28:27.253,1.95386,1.95458,1.45,1.50
2012.11.22 20:28:35.902,1.95386,1.95461,1.45,1.50
2012.11.22 20:29:09.993,1.95391,1.95465,1.45,1.50
2012.11.22 20:29:10.053,1.95396,1.95471,1.25,1.50
2012.11.22 20:29:10.703,1.95386,1.95471,1.27,2.48
2012.11.22 20:29:10.763,1.95386,1.9546,1.27,1.50
2012.11.22 20:29:30.943,1.95386,1.95464,1.27,2.25
2012.11.22 20:30:10.925,1.95371,1.95465,1.13,1.50
2012.11.22 20:30:12.440,1.95371,1.95467,1.13,1.73
2012.11.22 20:30:31.163,1.95371,1.95464,1.13,1.50
2012.11.22 20:31:07.724,1.95379,1.95464,1.58,1.50
2012.11.22 20:31:08.165,1.95394,1.95464,1.22,1.50
2012.11.22 20:31:09.398,1.95386,1.95464,1.27,2.25
2012.11.22 20:31:16.494,1.95386,1.95465,1.56,2.25
2012.11.22 20:32:09.726,1.95379,1.95466,1.38,1.50
2012.11.22 20:32:11.643,1.95379,1.95464,1.38,1.50
2012.11.22 20:32:46.663,1.95379,1.95451,1.38,1.50
2012.11.22 20:32:46.964,1.95379,1.9544,1.38,1.50
2012.11.22 20:32:47.279,1.95368,1.9544,1.85,1.50
2012.11.22 20:32:48.503,1.95368,1.9544,1.28,1.50
2012.11.22 20:32:48.733,1.95377,1.95461,1.63,1.50
2012.11.22 20:33:09.552,1.95388,1.95459,1.22,1.50
2012.11.22 20:33:50.543,1.95387,1.95457,1.22,1.50
2012.11.22 20:33:58.903,1.95398,1.95457,1.30,1.50
2012.11.22 20:33:59.023,1.95398,1.95468,1.30,1.50
2012.11.22 20:34:03.275,1.95397,1.95457,1.30,1.50
2012.11.22 20:34:03.333,1.95388,1.95457,1.55,1.50
2012.11.22 20:34:11.733,1.95378,1.95457,1.36,1.50
2012.11.22 20:34:16.613,1.95388,1.95457,1.73,1.50
2012.11.22 20:34:17.003,1.95398,1.95461,1.24,1.50
2012.11.22 20:34:36.753,1.95397,1.95467,1.24,1.73
2012.11.22 20:34:57.009,1.95398,1.95466,1.24,1.50
2012.11.22 20:34:57.064,1.95398,1.95463,1.24,1.50
2012.11.22 20:35:17.083,1.95395,1.95465,1.24,1.50
2012.11.22 20:35:37.466,1.95395,1.95462,1.24,1.50
2012.11.22 20:35:38.086,1.95395,1.95458,1.24,1.50
2012.11.22 20:35:57.663,1.95395,1.95462,1.24,1.50
2012.11.22 20:36:17.844,1.95388,1.95461,1.47,1.50
2012.11.22 20:36:38.453,1.95396,1.95465,1.24,1.50
2012.11.22 20:36:43.454,1.95396,1.95457,1.24,1.50
2012.11.22 20:37:00.084,1.95383,1.95457,1.09,2.25
2012.11.22 20:37:00.365,1.95396,1.95457,1.24,1.50
2012.11.22 20:37:01.004,1.95396,1.95467,1.24,1.73
2012.11.22 20:37:05.187,1.95385,1.95467,1.47,2.48
2012.11.22 20:37:05.344,1.95395,1.95467,1.24,1.73
2012.11.22 20:37:07.605,1.95386,1.95467,1.47,2.48
2012.11.22 20:37:07.826,1.95396,1.95467,1.24,1.73
2012.11.22 20:37:08.704,1.95385,1.95467,1.47,2.48
2012.11.22 20:37:15.744,1.95395,1.95467,1.24,1.73
2012.11.22 20:37:16.183,1.95385,1.95467,1.47,2.48
2012.11.22 20:37:20.249,1.95395,1.95467,1.24,1.73
2012.11.22 20:37:21.086,1.95395,1.95466,1.24,1.50
2012.11.22 20:37:21.144,1.95395,1.95463,1.24,1.50
2012.11.22 20:37:32.499,1.95395,1.95453,1.24,1.50
2012.11.22 20:37:32.773,1.95395,1.95466,1.24,1.50
2012.11.22 20:37:52.634,1.95395,1.95462,1.24,1.50
2012.11.22 20:38:13.537,1.95396,1.9546,1.24,1.50
2012.11.22 20:38:34.103,1.95396,1.95464,1.24,1.50
2012.11.22 20:38:34.808,1.95396,1.95465,1.24,1.50
2012.11.22 20:38:54.633,1.95396,1.95466,1.24,1.50
2012.11.22 20:39:06.142,1.95387,1.95466,1.47,2.25
2012.11.22 20:39:06.395,1.95396,1.95466,1.24,1.50
2012.11.22 20:39:14.603,1.95396,1.95464,1.24,1.50
2012.11.22 20:39:17.163,1.95388,1.95464,1.50,1.50
2012.11.22 20:39:35.497,1.95388,1.95466,1.50,1.50
2012.11.22 20:39:48.652,1.95377,1.95466,1.50,2.25
2012.11.22 20:39:54.368,1.95383,1.95466,1.13,2.25
2012.11.22 20:40:00.323,1.95387,1.95471,1.50,1.50
2012.11.22 20:40:00.869,1.95394,1.95471,1.13,1.50
2012.11.22 20:40:01.195,1.95406,1.95471,1.55,1.50
2012.11.22 20:40:14.471,1.95398,1.95471,1.22,1.50
2012.11.22 20:40:14.534,1.95398,1.95462,1.22,1.50
2012.11.22 20:40:14.724,1.95387,1.95462,1.47,1.50
2012.11.22 20:40:21.874,1.954,1.95462,1.35,1.50
2012.11.22 20:40:22.176,1.95415,1.95477,1.38,1.50
2012.11.22 20:40:28.875,1.95415,1.95479,1.38,1.50
2012.11.22 20:40:28.934,1.95415,1.95486,1.38,2.48
2012.11.22 20:40:45.632,1.95411,1.95486,1.14,2.48
2012.11.22 20:40:45.852,1.95411,1.95486,1.14,2.48
2012.11.22 20:41:01.290,1.95415,1.95484,1.38,1.73
2012.11.22 20:41:01.621,1.95411,1.95484,1.14,2.48
2012.11.22 20:41:01.884,1.95416,1.95484,1.38,2.48
2012.11.22 20:41:21.794,1.95427,1.95491,2.55,1.52
2012.11.22 20:41:25.084,1.95421,1.95491,1.38,1.52
2012.11.22 20:41:32.875,1.95428,1.95495,2.63,1.52
2012.11.22 20:41:33.319,1.95425,1.95495,1.73,1.52
2012.11.22 20:42:13.396,1.95421,1.95497,1.38,2.27
2012.11.22 20:42:13.574,1.95432,1.95497,1.32,1.73
2012.11.22 20:42:13.924,1.95426,1.95494,1.73,1.63
2012.11.22 20:42:15.104,1.95427,1.95497,1.73,2.38
2012.11.22 20:42:15.314,1.95433,1.95504,1.29,1.59
2012.11.22 20:42:16.366,1.95433,1.9551,1.29,2.34
2012.11.22 20:42:16.544,1.95448,1.95525,1.56,1.50
2012.11.22 20:42:19.124,1.95458,1.95525,1.73,1.50
2012.11.22 20:42:19.439,1.95468,1.95525,1.29,1.50
2012.11.22 20:42:23.904,1.95457,1.95525,1.70,2.25
2012.11.22 20:42:24.024,1.95457,1.95525,1.63,2.48
2012.11.22 20:42:26.794,1.95447,1.95517,1.73,1.73
2012.11.22 20:42:28.026,1.95446,1.95517,1.73,2.48
2012.11.22 20:42:47.055,1.95442,1.95517,1.32,1.73
2012.11.22 20:42:47.414,1.95457,1.95521,1.34,1.73
2012.11.22 20:42:48.595,1.95457,1.95521,1.34,2.48
2012.11.22 20:42:48.785,1.95445,1.95518,1.73,1.61
2012.11.22 20:43:01.693,1.95442,1.95521,1.61,2.36
2012.11.22 20:43:02.550,1.95442,1.95518,1.61,1.61
2012.11.22 20:43:07.739,1.95446,1.9552,1.73,1.23
2012.11.22 20:43:08.768,1.95447,1.95521,1.73,1.98
2012.11.22 20:43:11.087,1.95446,1.9552,1.73,1.23
2012.11.22 20:43:20.760,1.95443,1.9552,1.43,1.23
2012.11.22 20:43:20.869,1.95443,1.9552,1.43,1.23
2012.11.22 20:43:20.976,1.95443,1.9552,1.43,1.23
2012.11.22 20:43:21.199,1.95445,1.9552,1.73,1.23
2012.11.22 20:43:30.014,1.95445,1.95506,1.73,1.50
2012.11.22 20:43:50.035,1.95445,1.9551,1.73,1.73
2012.11.22 20:44:00.159,1.95447,1.95515,1.73,1.73
2012.11.22 20:44:00.269,1.95446,1.95515,1.73,2.48
2012.11.22 20:44:00.396,1.95443,1.95515,1.43,2.48
2012.11.22 20:44:03.129,1.95445,1.95515,1.73,2.48
2012.11.22 20:44:45.046,1.95467,1.95519,2.55,2.48
2012.11.22 20:44:55.049,1.95457,1.95519,2.25,2.48
2012.11.22 20:45:01.715,1.95457,1.95507,2.25,1.50
2012.11.22 20:45:03.874,1.95457,1.95517,2.25,2.48
2012.11.22 20:45:05.083,1.95467,1.95517,2.85,2.48
2012.11.22 20:45:14.977,1.95457,1.95517,1.65,2.48
2012.11.22 20:45:17.526,1.95448,1.95517,2.48,2.48
2012.11.22 20:45:24.989,1.95467,1.95517,2.40,2.48
2012.11.22 20:45:27.404,1.95458,1.95517,2.93,2.48
2012.11.22 20:45:27.495,1.95447,1.95517,2.33,2.48
2012.11.22 20:45:35.125,1.95478,1.95517,2.03,2.48
2012.11.22 20:45:45.055,1.95477,1.95517,1.80,2.48
2012.11.22 20:45:47.203,1.95467,1.95517,2.33,2.48
2012.11.22 20:45:47.335,1.95457,1.95517,1.58,2.48
2012.11.22 20:45:52.515,1.95468,1.95517,1.50,2.48
2012.11.22 20:45:55.006,1.95478,1.95517,1.58,2.48
2012.11.22 20:46:15.046,1.95467,1.9554,2.33,1.44
2012.11.22 20:46:24.984,1.95477,1.9554,2.10,1.44
2012.11.22 20:46:28.602,1.95458,1.9554,2.55,1.44
2012.11.22 20:46:34.182,1.95458,1.95528,2.55,1.13
2012.11.22 20:46:34.994,1.95477,1.95528,2.10,1.13
2012.11.22 20:46:45.024,1.95457,1.95528,1.50,1.13
2012.11.22 20:46:55.007,1.95477,1.95528,1.80,1.13
2012.11.22 20:46:55.114,1.95467,1.95528,1.73,1.13
2012.11.22 20:46:55.556,1.95458,1.95528,2.85,1.13
2012.11.22 20:46:59.285,1.95467,1.95528,2.18,1.13
2012.11.22 20:47:05.054,1.95478,1.95528,2.63,1.13
2012.11.22 20:47:14.916,1.95467,1.95528,2.18,1.13
2012.11.22 20:47:25.044,1.95487,1.95518,1.88,1.41
2012.11.22 20:47:26.575,1.95467,1.95518,2.10,1.41
2012.11.22 20:47:29.249,1.95468,1.95518,2.55,1.41
2012.11.22 20:47:34.555,1.95468,1.95519,2.55,1.36
2012.11.22 20:47:35.124,1.95448,1.95519,2.25,1.36
2012.11.22 20:47:35.666,1.95447,1.95519,3.00,1.36
2012.11.22 20:47:58.936,1.95448,1.95519,2.25,2.86
2012.11.22 20:48:00.136,1.95446,1.95519,1.73,2.86
2012.11.22 20:48:01.185,1.95443,1.95519,1.47,2.86
2012.11.22 20:48:01.295,1.95443,1.95519,1.47,2.86
2012.11.22 20:48:01.406,1.95448,1.95519,1.73,2.11
2012.11.22 20:48:01.465,1.95448,1.95519,1.73,1.73
2012.11.22 20:48:01.525,1.95457,1.95519,1.50,1.73
2012.11.22 20:48:02.296,1.95456,1.95524,1.50,1.45
2012.11.22 20:48:03.556,1.95447,1.95518,3.15,1.61
2012.11.22 20:48:06.006,1.95447,1.95517,1.73,2.48
2012.11.22 20:48:06.637,1.95448,1.95517,1.80,2.48
2012.11.22 20:48:06.895,1.95448,1.95517,1.80,2.48
2012.11.22 20:48:10.345,1.95447,1.95517,2.18,2.48
2012.11.22 20:48:10.721,1.95445,1.95517,1.73,2.48
2012.11.22 20:48:21.375,1.95458,1.95517,1.50,2.48
2012.11.22 20:48:21.680,1.95458,1.95517,1.50,2.48
2012.11.22 20:48:23.103,1.95457,1.95517,2.63,2.48
2012.11.22 20:48:25.019,1.95478,1.9551,2.10,2.48
2012.11.22 20:48:25.870,1.95457,1.9551,2.18,2.48
2012.11.22 20:48:27.730,1.95457,1.9551,2.18,1.73
2012.11.22 20:48:31.366,1.95468,1.9551,2.93,1.73
2012.11.22 20:48:31.889,1.95467,1.9551,2.55,1.73
2012.11.22 20:48:35.009,1.95488,1.9551,2.48,1.73
2012.11.22 20:48:50.066,1.95467,1.95518,2.70,3.11
2012.11.22 20:48:50.765,1.95478,1.95518,1.50,3.11
2012.11.22 20:48:53.264,1.95467,1.95518,2.93,3.11
2012.11.22 20:48:54.145,1.95477,1.95518,2.63,2.36
2012.11.22 20:48:54.205,1.95477,1.95518,2.63,1.73
2012.11.22 20:48:55.028,1.95478,1.95524,2.18,1.25
2012.11.22 20:48:55.146,1.95478,1.9553,2.18,2.97
2012.11.22 20:48:55.248,1.95487,1.9553,1.88,2.97
2012.11.22 20:48:57.295,1.95477,1.9553,1.50,1.47
2012.11.22 20:49:04.205,1.95477,1.95536,1.50,1.50
2012.11.22 20:49:04.265,1.95487,1.95536,2.55,1.50
2012.11.22 20:49:05.025,1.95507,1.95536,1.95,1.50
2012.11.22 20:49:06.771,1.95487,1.95536,2.78,1.50
2012.11.22 20:49:07.875,1.95488,1.95536,2.10,1.50
2012.11.22 20:49:09.205,1.95497,1.95536,2.10,1.50
2012.11.22 20:49:13.195,1.95478,1.95536,2.70,1.50
2012.11.22 20:49:13.466,1.95487,1.95536,2.33,1.50
2012.11.22 20:49:14.215,1.95487,1.95544,2.33,1.50
2012.11.22 20:49:14.335,1.95487,1.95549,2.33,1.56
2012.11.22 20:49:14.395,1.95487,1.95549,2.33,1.56
2012.11.22 20:49:14.753,1.95488,1.9554,2.10,1.32
2012.11.22 20:49:15.065,1.95512,1.9554,1.58,1.32
2012.11.22 20:49:15.425,1.95503,1.95545,7.36,1.09
2012.11.22 20:49:15.485,1.95508,1.95544,2.78,1.32
2012.11.22 20:49:15.545,1.95508,1.95549,2.78,1.52
2012.11.22 20:49:16.220,1.95508,1.95549,2.78,1.52
2012.11.22 20:49:16.287,1.95497,1.95539,2.33,1.32
2012.11.22 20:49:22.725,1.95497,1.95539,2.33,1.32
2012.11.22 20:49:23.565,1.95493,1.95525,2.25,1.54
2012.11.22 20:49:25.095,1.95481,1.95542,4.73,2.48
2012.11.22 20:49:26.376,1.95498,1.95542,4.73,1.50
2012.11.22 20:49:43.518,1.95496,1.95534,7.05,1.50
2012.11.22 20:49:45.776,1.95488,1.95534,2.78,1.50
2012.11.22 20:49:55.015,1.95479,1.95559,6.91,1.36
2012.11.22 20:50:03.503,1.95497,1.95538,6.16,1.50
2012.11.22 20:50:03.565,1.9548,1.95535,6.16,1.50
2012.11.22 20:50:05.010,1.9548,1.95535,5.11,1.50
2012.11.22 20:50:05.485,1.95487,1.95535,1.80,1.50
2012.11.22 20:50:15.016,1.9548,1.95561,7.43,1.36
2012.11.22 20:50:16.465,1.95494,1.95544,7.43,3.38
2012.11.22 20:50:18.671,1.95494,1.95544,4.65,3.38
2012.11.22 20:50:21.282,1.95478,1.95544,2.93,3.38
2012.11.22 20:50:25.132,1.955,1.95544,3.31,3.38
2012.11.22 20:50:26.336,1.95488,1.95544,2.03,3.38
2012.11.22 20:50:34.928,1.95501,1.95544,5.64,3.38
2012.11.22 20:50:36.125,1.95503,1.95556,5.64,4.36
2012.11.22 20:50:38.706,1.95505,1.95556,4.89,3.99
2012.11.22 20:50:44.985,1.95505,1.95556,5.56,3.99
2012.11.22 20:50:58.757,1.95504,1.95551,4.44,3.67
2012.11.22 20:51:05.067,1.95504,1.95551,4.88,3.67
2012.11.22 20:51:17.415,1.95487,1.95552,2.03,3.67
2012.11.22 20:51:19.211,1.95487,1.95545,2.03,1.05
2012.11.22 20:51:20.309,1.95487,1.95545,2.03,1.05
2012.11.22 20:51:23.738,1.95488,1.95545,2.93,1.05
2012.11.22 20:51:25.005,1.95487,1.95545,2.25,1.05
2012.11.22 20:51:35.076,1.95496,1.95552,6.99,3.67
2012.11.22 20:51:38.829,1.95496,1.95555,6.24,3.99
2012.11.22 20:51:44.990,1.95496,1.95555,6.91,3.99
2012.11.22 20:51:51.220,1.95487,1.95555,2.70,3.99
2012.11.22 20:51:56.498,1.95488,1.95555,2.78,3.99
2012.11.22 20:51:57.445,1.95488,1.95532,2.78,1.50
2012.11.22 20:52:05.145,1.95479,1.95542,4.88,1.50
2012.11.22 20:52:08.776,1.95496,1.95555,4.88,3.99
2012.11.22 20:52:13.832,1.955,1.95545,3.23,1.05
2012.11.22 20:52:14.085,1.95503,1.95545,3.23,1.05
2012.11.22 20:52:14.380,1.95496,1.95545,1.50,1.05
2012.11.22 20:52:14.879,1.95488,1.95545,2.48,1.05
2012.11.22 20:52:15.366,1.95488,1.95542,2.48,2.25
2012.11.22 20:52:15.701,1.95488,1.95542,2.48,2.25
2012.11.22 20:52:15.811,1.95488,1.95542,2.48,2.25
2012.11.22 20:52:17.017,1.95488,1.95542,2.48,2.25
2012.11.22 20:52:22.377,1.95487,1.95545,2.25,1.05
2012.11.22 20:52:25.068,1.95496,1.95532,1.28,2.25
2012.11.22 20:52:27.715,1.95479,1.95558,1.28,1.36
2012.11.22 20:52:32.531,1.955,1.95545,1.28,1.05
2012.11.22 20:52:32.985,1.95498,1.95522,1.28,1.50
2012.11.22 20:52:33.411,1.95476,1.95522,1.28,2.25
2012.11.22 20:52:34.842,1.95479,1.95522,1.28,1.50
2012.11.22 20:52:35.065,1.95479,1.95522,4.73,1.50
2012.11.22 20:52:36.328,1.95488,1.95522,2.40,1.50
2012.11.22 20:52:42.215,1.9549,1.95522,2.03,1.50
2012.11.22 20:52:45.027,1.95476,1.95548,5.41,1.05
2012.11.22 20:52:45.385,1.95477,1.95513,2.10,1.45
2012.11.22 20:52:46.339,1.95469,1.95513,3.83,1.45
2012.11.22 20:52:47.655,1.95476,1.95525,3.83,1.47
2012.11.22 20:52:54.095,1.95487,1.95535,2.93,2.88
2012.11.22 20:52:54.275,1.95477,1.95535,2.10,1.50
2012.11.22 20:52:54.335,1.95477,1.95547,2.10,1.50
2012.11.22 20:52:54.585,1.95477,1.95558,2.10,1.50
2012.11.22 20:52:54.995,1.95477,1.95568,2.10,1.50
2012.11.22 20:52:55.059,1.95448,1.95568,1.50,1.50
2012.11.22 20:52:57.235,1.95454,1.95571,1.50,1.50
2012.11.22 20:52:57.294,1.95454,1.9558,1.50,1.50
2012.11.22 20:53:01.395,1.95454,1.95577,1.50,1.50
2012.11.22 20:53:01.455,1.95442,1.95575,1.50,1.50
2012.11.22 20:53:01.669,1.95442,1.95575,2.25,1.50
2012.11.22 20:53:03.878,1.95449,1.95575,1.50,1.50
2012.11.22 20:53:03.996,1.95452,1.95582,1.50,1.50
2012.11.22 20:53:24.275,1.95451,1.95581,1.50,1.50
2012.11.22 20:53:44.614,1.95453,1.95586,1.50,1.50
2012.11.22 20:54:03.567,1.9546,1.95586,1.50,1.50
2012.11.22 20:54:03.625,1.95464,1.95597,1.50,1.50
2012.11.22 20:54:23.749,1.95464,1.95594,1.50,1.50
2012.11.22 20:54:23.828,1.95457,1.95591,1.50,1.50
2012.11.22 20:54:35.901,1.95454,1.95579,1.50,1.50
2012.11.22 20:54:35.955,1.95444,1.95579,1.50,1.50
2012.11.22 20:54:37.065,1.95444,1.95579,2.25,1.50
2012.11.22 20:54:56.195,1.95448,1.95581,1.50,1.50
2012.11.22 20:55:02.615,1.95448,1.95581,2.25,1.50
2012.11.22 20:55:02.735,1.95458,1.95585,1.50,1.50
2012.11.22 20:55:02.795,1.95458,1.95592,1.50,1.50
2012.11.22 20:55:02.975,1.95455,1.95581,1.50,1.50
2012.11.22 20:55:03.035,1.95447,1.95581,1.50,1.50
2012.11.22 20:55:23.005,1.95444,1.95571,2.25,1.50
2012.11.22 20:55:28.233,1.95447,1.95581,1.50,1.50
2012.11.22 20:55:48.367,1.95443,1.95579,3.75,1.50
2012.11.22 20:55:54.065,1.9544,1.95553,2.25,1.50
2012.11.22 20:55:55.737,1.95433,1.95553,2.25,1.50
2012.11.22 20:55:56.176,1.95433,1.95553,2.25,1.50
2012.11.22 20:55:56.236,1.95477,1.95553,1.58,1.50
2012.11.22 20:55:56.746,1.95433,1.95553,2.25,1.50
2012.11.22 20:56:11.205,1.95443,1.95563,2.25,1.50
2012.11.22 20:56:31.337,1.95448,1.95563,1.50,1.50
2012.11.22 20:56:31.395,1.9545,1.95572,1.50,1.50
2012.11.22 20:56:51.555,1.95449,1.95569,1.50,1.50
2012.11.22 20:56:55.435,1.95449,1.95561,1.50,1.50
2012.11.22 20:56:55.791,1.95438,1.95558,2.25,1.50
2012.11.22 20:57:10.262,1.95438,1.95558,1.50,1.50
2012.11.22 20:57:10.721,1.95438,1.95558,2.25,1.50
2012.11.22 20:57:11.717,1.95438,1.95558,2.25,1.50
2012.11.22 20:57:12.105,1.95438,1.95558,2.25,1.50
2012.11.22 20:57:12.643,1.95438,1.95558,2.25,1.50
2012.11.22 20:57:12.697,1.95438,1.95558,2.25,1.50
2012.11.22 20:57:15.335,1.9544,1.95562,2.25,1.50
2012.11.22 20:57:16.328,1.9544,1.95562,2.25,1.50
2012.11.22 20:57:17.394,1.95447,1.95562,1.50,1.50
2012.11.22 20:57:17.466,1.95451,1.95571,1.50,1.50
2012.11.22 20:57:26.955,1.95451,1.95563,1.50,1.50
2012.11.22 20:57:27.015,1.9544,1.9556,1.50,1.50
2012.11.22 20:57:27.289,1.95449,1.9556,1.50,1.50
2012.11.22 20:57:27.349,1.95452,1.95572,1.50,1.50
2012.11.22 20:57:47.200,1.95449,1.95568,1.50,1.50
2012.11.22 20:57:48.038,1.95448,1.95568,1.50,1.50
2012.11.22 20:58:03.976,1.95445,1.95557,2.25,1.50
2012.11.22 20:58:17.915,1.95437,1.95557,1.50,1.50
2012.11.22 20:58:18.035,1.95507,1.95557,2.18,1.50
2012.11.22 20:58:24.396,1.95507,1.95553,2.18,1.50
2012.11.22 20:58:24.957,1.95534,1.95553,2.25,1.50
2012.11.22 20:58:25.172,1.95508,1.95553,2.10,1.50
2012.11.22 20:58:25.738,1.95507,1.95553,1.95,1.50
2012.11.22 20:58:35.110,1.95532,1.95553,2.63,1.50
2012.11.22 20:58:36.151,1.95508,1.95553,2.18,1.50
2012.11.22 20:58:44.444,1.95508,1.95556,2.18,1.50
2012.11.22 20:58:51.216,1.95507,1.95556,2.10,1.50
2012.11.22 20:58:56.267,1.95497,1.95556,2.10,1.50
2012.11.22 20:59:05.017,1.95533,1.95556,1.95,1.50
2012.11.22 20:59:05.259,1.95534,1.95558,1.95,1.50
2012.11.22 20:59:05.317,1.95535,1.95562,1.95,1.50
2012.11.22 20:59:06.195,1.95508,1.95562,0.75,1.50
2012.11.22 20:59:09.023,1.95507,1.95562,0.75,1.50
2012.11.22 20:59:15.067,1.95535,1.95562,2.18,1.50
2012.11.22 20:59:15.288,1.95517,1.95562,0.75,1.50
2012.11.22 20:59:20.286,1.95507,1.95562,0.75,1.50
2012.11.22 20:59:25.274,1.95507,1.95554,0.75,1.50
2012.11.22 20:59:26.316,1.95508,1.95554,0.75,1.50
2012.11.22 20:59:30.547,1.95436,1.95554,0.75,1.50
2012.11.22 20:59:38.715,1.95436,1.95544,0.75,1.50
2012.11.22 20:59:43.466,1.95436,1.95556,0.75,1.50
2012.11.22 20:59:44.916,1.95436,1.95545,0.75,1.50
2012.11.22 20:59:46.875,1.95436,1.95557,0.75,1.50
2012.11.22 20:59:47.634,1.95446,1.95557,0.75,1.50
2012.11.22 20:59:47.850,1.95435,1.95554,1.50,0.75
2012.11.22 20:59:47.966,1.95435,1.95549,1.50,1.50
2012.11.22 20:59:48.149,1.95426,1.95547,0.75,1.50
2012.11.22 20:59:48.205,1.95445,1.95547,0.75,1.50
