2015.11.30 10:00:00.198,2.29071,2.29166,1.37,1.00
2015.11.30 10:00:01.013,2.29082,2.29166,1.00,1.00
2015.11.30 10:00:01.187,2.29072,2.29166,1.12,1.00
2015.11.30 10:00:02.527,2.29071,2.29158,1.37,1.00
2015.11.30 10:00:03.197,2.29073,2.29157,1.00,1.00
2015.11.30 10:00:06.724,2.29074,2.29151,1.00,1.00
2015.11.30 10:00:06.825,2.29063,2.29151,1.37,1.00
2015.11.30 10:00:07.369,2.29063,2.29151,1.00,1.50
2015.11.30 10:00:07.677,2.29064,2.29146,1.00,1.50
2015.11.30 10:00:07.980,2.29054,2.29136,1.12,1.00
2015.11.30 10:00:08.282,2.29061,2.29136,1.00,1.00
2015.11.30 10:00:08.383,2.29064,2.29146,1.00,1.00
2015.11.30 10:00:08.585,2.29061,2.29137,1.00,1.00
2015.11.30 10:00:09.250,2.29054,2.29137,1.12,1.00
2015.11.30 10:00:09.696,2.29064,2.29146,1.00,1.00
2015.11.30 10:00:10.470,2.29071,2.29146,1.00,1.00
2015.11.30 10:00:10.794,2.29074,2.29156,1.00,1.75
2015.11.30 10:00:11.359,2.29073,2.29157,1.00,1.75
2015.11.30 10:00:12.423,2.29064,2.29146,1.00,1.00
2015.11.30 10:00:14.836,2.29062,2.29137,1.00,1.00
2015.11.30 10:00:15.851,2.29064,2.29146,1.00,1.00
2015.11.30 10:00:16.396,2.29062,2.29136,1.00,1.00
2015.11.30 10:00:16.497,2.29064,2.29146,1.00,1.00
2015.11.30 10:00:16.639,2.29082,2.29156,1.00,1.37
2015.11.30 10:00:16.740,2.29082,2.29156,1.00,1.00
2015.11.30 10:00:17.248,2.29074,2.29156,1.00,1.00
2015.11.30 10:00:17.651,2.29074,2.29154,1.00,1.37
2015.11.30 10:00:17.830,2.29063,2.29147,1.00,1.00
2015.11.30 10:00:19.004,2.29071,2.29147,1.00,1.00
2015.11.30 10:00:19.256,2.29063,2.29147,1.00,1.00
2015.11.30 10:00:22.747,2.29071,2.29147,1.00,1.00
2015.11.30 10:00:22.898,2.29071,2.2915,1.00,1.12
2015.11.30 10:00:22.999,2.29072,2.29144,1.00,1.00
2015.11.30 10:00:23.425,2.29063,2.29144,1.00,1.00
2015.11.30 10:00:23.914,2.29063,2.29147,1.00,1.00
2015.11.30 10:00:25.168,2.29072,2.29147,1.00,1.00
2015.11.30 10:00:27.834,2.29063,2.29147,1.00,1.00
2015.11.30 10:00:28.482,2.29072,2.29147,1.00,1.00
2015.11.30 10:00:28.934,2.29063,2.29147,1.00,1.00
2015.11.30 10:00:29.154,2.29063,2.29149,1.00,1.00
2015.11.30 10:00:29.345,2.29071,2.29155,1.00,1.75
2015.11.30 10:00:29.791,2.29073,2.29155,1.00,1.75
2015.11.30 10:00:30.742,2.29063,2.29147,1.00,1.00
2015.11.30 10:00:31.655,2.29064,2.29151,1.00,1.50
2015.11.30 10:00:34.739,2.29073,2.29154,1.00,1.75
2015.11.30 10:00:34.840,2.29073,2.29155,1.00,1.00
2015.11.30 10:00:35.372,2.29073,2.29157,1.00,1.50
2015.11.30 10:00:36.705,2.29073,2.29153,1.00,1.00
2015.11.30 10:00:36.755,2.29063,2.29153,1.75,1.00
2015.11.30 10:00:36.806,2.29063,2.29149,1.00,1.75
2015.11.30 10:00:37.128,2.29063,2.29143,1.00,1.00
2015.11.30 10:00:38.033,2.29061,2.29143,1.00,1.00
2015.11.30 10:00:38.134,2.29062,2.29141,1.00,1.00
2015.11.30 10:00:38.285,2.29054,2.29138,1.00,1.37
2015.11.30 10:00:38.336,2.29054,2.29132,1.00,1.00
2015.11.30 10:00:39.085,2.29053,2.29132,1.00,1.00
2015.11.30 10:00:39.600,2.29054,2.29132,1.00,1.00
2015.11.30 10:00:39.936,2.29052,2.29128,1.00,1.00
2015.11.30 10:00:40.138,2.29053,2.29133,1.00,1.00
2015.11.30 10:00:42.453,2.29053,2.29134,1.00,1.00
2015.11.30 10:00:42.957,2.29053,2.29133,1.00,1.00
2015.11.30 10:00:45.514,2.29061,2.29136,1.00,1.00
2015.11.30 10:00:46.043,2.29061,2.29141,1.00,1.75
2015.11.30 10:00:46.345,2.29064,2.29144,1.00,1.75
2015.11.30 10:00:47.167,2.29071,2.29144,1.00,1.75
2015.11.30 10:00:47.844,2.29064,2.2914,1.00,1.75
2015.11.30 10:00:48.835,2.29072,2.29143,1.00,1.75
2015.11.30 10:00:49.036,2.29064,2.29143,1.00,1.75
2015.11.30 10:00:51.311,2.29062,2.29144,1.00,1.75
2015.11.30 10:00:51.362,2.29064,2.29144,1.00,1.75
2015.11.30 10:00:52.718,2.29064,2.29144,1.00,1.00
2015.11.30 10:00:52.819,2.29063,2.29151,1.00,2.25
2015.11.30 10:00:53.897,2.29064,2.29146,1.00,1.12
2015.11.30 10:00:59.268,2.29074,2.2915,1.00,1.75
2015.11.30 10:01:00.071,2.29074,2.29145,1.00,1.00
2015.11.30 10:01:03.560,2.29063,2.29145,1.00,1.00
2015.11.30 10:01:04.193,2.29063,2.29146,1.00,1.87
2015.11.30 10:01:05.204,2.29063,2.29145,1.00,1.00
2015.11.30 10:01:09.381,2.29063,2.29144,1.00,1.00
2015.11.30 10:01:09.983,2.29063,2.2914,1.00,1.00
2015.11.30 10:01:10.084,2.29061,2.2914,1.00,1.50
2015.11.30 10:01:10.286,2.29054,2.29139,1.00,1.00
2015.11.30 10:01:10.412,2.29054,2.29135,1.00,1.00
2015.11.30 10:01:10.869,2.29054,2.29135,1.00,1.37
2015.11.30 10:01:11.482,2.29062,2.29135,1.00,1.75
2015.11.30 10:01:12.067,2.29053,2.29134,1.00,1.75
2015.11.30 10:01:15.578,2.29054,2.29132,1.00,1.50
2015.11.30 10:01:17.329,2.29062,2.29133,1.00,1.75
2015.11.30 10:01:17.461,2.29054,2.29133,1.00,1.75
2015.11.30 10:01:18.218,2.29053,2.29133,1.00,1.75
2015.11.30 10:01:21.657,2.29054,2.29134,1.00,1.75
2015.11.30 10:01:21.787,2.29054,2.29126,1.00,1.00
2015.11.30 10:01:22.039,2.29054,2.29135,1.00,1.75
2015.11.30 10:01:22.543,2.29053,2.29136,1.00,2.25
2015.11.30 10:01:23.063,2.29054,2.29131,1.00,1.12
2015.11.30 10:01:24.623,2.29054,2.2913,1.00,1.00
2015.11.30 10:01:25.431,2.29054,2.29136,1.00,2.25
2015.11.30 10:01:25.482,2.29047,2.29127,1.00,1.00
2015.11.30 10:01:25.532,2.2905,2.29127,1.00,1.00
2015.11.30 10:01:25.583,2.29053,2.29135,1.00,1.75
2015.11.30 10:01:26.027,2.29044,2.29136,1.50,1.75
2015.11.30 10:01:26.128,2.29044,2.29117,1.00,1.00
2015.11.30 10:01:26.229,2.29033,2.29117,1.00,2.25
2015.11.30 10:01:27.363,2.29034,2.29108,1.00,1.50
2015.11.30 10:01:27.898,2.29034,2.29107,1.00,1.50
2015.11.30 10:01:28.706,2.29034,2.29101,1.00,1.00
2015.11.30 10:01:28.757,2.29023,2.291,1.00,1.75
2015.11.30 10:01:28.858,2.29023,2.29091,1.00,1.00
2015.11.30 10:01:28.959,2.29023,2.29099,1.00,1.75
2015.11.30 10:01:29.220,2.29034,2.29103,1.00,1.75
2015.11.30 10:01:29.541,2.29034,2.29107,1.00,1.37
2015.11.30 10:01:30.327,2.29034,2.29116,1.00,1.12
2015.11.30 10:01:30.838,2.29041,2.29116,1.00,1.12
2015.11.30 10:01:32.815,2.29042,2.29116,1.00,1.00
2015.11.30 10:01:32.953,2.29043,2.29125,1.00,1.50
2015.11.30 10:01:33.272,2.29053,2.29136,1.00,3.00
2015.11.30 10:01:33.374,2.29053,2.29136,1.00,1.37
2015.11.30 10:01:34.065,2.29063,2.29141,1.00,1.75
2015.11.30 10:01:36.745,2.29063,2.29146,1.00,1.12
2015.11.30 10:01:36.997,2.29073,2.2915,1.00,1.75
2015.11.30 10:01:38.045,2.29073,2.29143,1.00,1.00
2015.11.30 10:01:38.348,2.29044,2.29134,1.12,2.25
2015.11.30 10:01:38.550,2.29044,2.29128,1.12,1.00
2015.11.30 10:01:39.167,2.29044,2.29131,1.12,1.12
2015.11.30 10:01:39.984,2.29054,2.29136,1.00,2.25
2015.11.30 10:01:41.291,2.29053,2.29138,1.00,1.75
2015.11.30 10:01:41.597,2.29064,2.29138,1.00,1.00
2015.11.30 10:01:44.443,2.29064,2.29136,1.00,1.37
2015.11.30 10:01:44.751,2.29064,2.29136,1.00,1.75
2015.11.30 10:01:45.156,2.29053,2.29131,1.00,1.75
2015.11.30 10:01:47.035,2.29064,2.29131,1.00,3.00
2015.11.30 10:01:47.136,2.29054,2.29131,1.00,3.00
2015.11.30 10:01:47.643,2.29053,2.29126,1.00,1.87
2015.11.30 10:01:48.416,2.29053,2.29125,1.00,1.00
2015.11.30 10:01:48.920,2.29054,2.29131,1.00,1.75
2015.11.30 10:01:50.564,2.29063,2.2913,1.00,1.75
2015.11.30 10:01:52.180,2.29054,2.29126,1.00,1.12
2015.11.30 10:01:52.642,2.29063,2.29133,1.00,1.75
2015.11.30 10:01:52.945,2.29073,2.29133,1.00,1.75
2015.11.30 10:01:53.503,2.29074,2.29136,1.00,1.12
2015.11.30 10:01:54.034,2.29073,2.29141,1.00,1.75
2015.11.30 10:01:56.706,2.29074,2.29147,1.00,1.75
2015.11.30 10:01:57.059,2.29083,2.29142,1.00,1.75
2015.11.30 10:02:00.230,2.29054,2.29142,1.00,1.75
2015.11.30 10:02:00.878,2.29052,2.29137,1.00,1.37
2015.11.30 10:02:00.979,2.29052,2.29137,1.00,2.25
2015.11.30 10:02:01.201,2.29044,2.29126,1.00,1.00
2015.11.30 10:02:01.302,2.29044,2.29125,1.00,1.75
2015.11.30 10:02:01.453,2.29042,2.29126,1.00,1.75
2015.11.30 10:02:01.957,2.29041,2.29126,1.00,1.75
2015.11.30 10:02:09.230,2.29033,2.29115,1.00,1.00
2015.11.30 10:02:09.738,2.29033,2.29119,1.00,1.75
2015.11.30 10:02:12.193,2.29041,2.29118,1.00,1.50
2015.11.30 10:02:12.768,2.29042,2.29118,1.00,1.50
2015.11.30 10:02:13.284,2.29041,2.29118,1.00,1.50
2015.11.30 10:02:16.151,2.29033,2.2912,1.00,1.75
2015.11.30 10:02:16.625,2.29042,2.2912,1.00,1.75
2015.11.30 10:02:16.726,2.29042,2.29118,1.00,1.00
2015.11.30 10:02:17.234,2.29043,2.29123,1.00,1.75
2015.11.30 10:02:20.111,2.29044,2.29123,1.00,1.75
2015.11.30 10:02:20.551,2.29041,2.2912,1.00,1.75
2015.11.30 10:02:23.661,2.29043,2.29117,1.00,1.00
2015.11.30 10:02:27.289,2.29043,2.29116,1.00,1.00
2015.11.30 10:02:27.371,2.29041,2.29116,1.00,1.50
2015.11.30 10:02:29.258,2.29042,2.29116,1.00,1.50
2015.11.30 10:02:33.376,2.29042,2.29115,1.00,1.00
2015.11.30 10:02:33.636,2.29042,2.29115,1.00,1.75
2015.11.30 10:02:35.091,2.29043,2.29117,1.00,1.75
2015.11.30 10:02:35.443,2.29033,2.29115,1.00,1.75
2015.11.30 10:02:35.544,2.29031,2.29106,1.00,1.75
2015.11.30 10:02:35.846,2.29022,2.29096,1.00,1.00
2015.11.30 10:02:36.048,2.29022,2.29096,1.00,1.75
2015.11.30 10:02:36.300,2.29004,2.29086,1.12,1.00
2015.11.30 10:02:36.351,2.29004,2.29086,1.00,1.75
2015.11.30 10:02:36.653,2.29012,2.29087,1.00,1.12
2015.11.30 10:02:37.187,2.29013,2.29087,1.00,1.12
2015.11.30 10:02:38.642,2.29013,2.29087,1.00,1.37
2015.11.30 10:02:38.692,2.29013,2.29087,1.00,1.75
2015.11.30 10:02:38.743,2.29003,2.29087,1.00,1.75
2015.11.30 10:02:40.921,2.29004,2.29076,1.00,1.00
2015.11.30 10:02:41.425,2.29003,2.29077,1.00,1.00
2015.11.30 10:02:41.912,2.29001,2.29076,1.00,1.00
2015.11.30 10:02:42.113,2.29003,2.29077,1.00,1.00
2015.11.30 10:02:42.265,2.29004,2.29084,1.00,1.12
2015.11.30 10:02:42.692,2.29011,2.29086,1.00,1.50
2015.11.30 10:02:42.893,2.29004,2.29086,1.00,1.50
2015.11.30 10:02:43.509,2.29004,2.29082,1.00,1.00
2015.11.30 10:02:43.811,2.29004,2.29076,1.00,1.37
2015.11.30 10:02:44.898,2.29001,2.29076,1.00,1.37
2015.11.30 10:02:45.893,2.29002,2.29076,1.00,1.37
2015.11.30 10:02:46.095,2.29013,2.29087,1.00,1.00
2015.11.30 10:02:46.296,2.29013,2.29089,1.00,1.00
2015.11.30 10:02:48.405,2.29013,2.29087,1.00,1.00
2015.11.30 10:02:54.583,2.29013,2.29095,1.00,1.75
2015.11.30 10:02:55.126,2.29014,2.29095,1.00,1.75
2015.11.30 10:02:55.631,2.29013,2.29097,1.00,2.25
2015.11.30 10:02:56.094,2.29024,2.29096,1.00,2.25
2015.11.30 10:02:56.337,2.29014,2.29096,1.00,2.25
2015.11.30 10:02:57.850,2.29013,2.29095,1.00,1.75
2015.11.30 10:02:58.097,2.29013,2.29087,1.00,1.00
2015.11.30 10:02:58.530,2.29014,2.29096,1.00,1.75
2015.11.30 10:02:59.049,2.29013,2.29095,1.00,1.75
2015.11.30 10:02:59.745,2.29014,2.29086,1.00,1.00
2015.11.30 10:03:00.167,2.29012,2.29087,1.00,1.00
2015.11.30 10:03:02.035,2.29014,2.29086,1.00,1.00
2015.11.30 10:03:02.165,2.29012,2.29087,1.00,1.00
2015.11.30 10:03:02.266,2.29003,2.29087,1.00,1.00
2015.11.30 10:03:03.120,2.29014,2.29086,1.00,1.00
2015.11.30 10:03:03.462,2.29013,2.29097,1.00,1.75
2015.11.30 10:03:03.823,2.29013,2.29087,1.00,1.00
2015.11.30 10:03:04.800,2.29013,2.29097,1.00,1.75
2015.11.30 10:03:05.005,2.29014,2.29086,1.00,1.00
2015.11.30 10:03:05.792,2.29014,2.29096,1.00,1.75
2015.11.30 10:03:05.994,2.29023,2.29097,1.00,1.75
2015.11.30 10:03:06.095,2.29023,2.29097,1.00,1.00
2015.11.30 10:03:07.348,2.29021,2.29097,1.00,1.00
2015.11.30 10:03:08.101,2.29013,2.29097,1.37,1.00
2015.11.30 10:03:08.210,2.29024,2.29096,1.00,1.00
2015.11.30 10:03:08.311,2.29013,2.29097,1.37,1.00
2015.11.30 10:03:08.412,2.29013,2.29097,1.00,1.75
2015.11.30 10:03:10.292,2.29014,2.29096,1.00,2.25
2015.11.30 10:03:12.169,2.29013,2.29093,1.00,1.75
2015.11.30 10:03:12.220,2.29013,2.29093,1.00,1.00
2015.11.30 10:03:12.371,2.29013,2.29097,1.00,1.00
2015.11.30 10:03:12.820,2.29024,2.29096,1.00,1.00
2015.11.30 10:03:14.672,2.29024,2.29106,1.00,1.75
2015.11.30 10:03:19.955,2.29024,2.29096,1.00,1.00
2015.11.30 10:03:20.621,2.29024,2.29094,1.00,1.00
2015.11.30 10:03:20.722,2.29013,2.29087,1.00,1.00
2015.11.30 10:03:25.124,2.29014,2.29086,1.00,1.50
2015.11.30 10:03:25.225,2.29014,2.29086,1.00,2.25
2015.11.30 10:03:25.376,2.29003,2.29077,1.00,1.00
2015.11.30 10:03:29.658,2.28993,2.29067,1.00,1.00
2015.11.30 10:03:31.870,2.29003,2.29077,1.00,1.75
2015.11.30 10:03:32.072,2.29003,2.29077,1.00,1.37
2015.11.30 10:03:32.123,2.29003,2.29077,1.00,1.00
2015.11.30 10:03:32.980,2.29001,2.29066,1.00,1.00
2015.11.30 10:03:33.150,2.29001,2.29076,1.00,1.00
2015.11.30 10:03:33.525,2.29004,2.29076,1.00,1.00
2015.11.30 10:03:39.203,2.29003,2.29083,1.00,1.75
2015.11.30 10:03:40.457,2.29011,2.29087,1.00,2.25
2015.11.30 10:03:40.663,2.29003,2.29082,1.00,1.75
2015.11.30 10:03:40.764,2.29003,2.29077,1.00,1.37
2015.11.30 10:03:41.274,2.29004,2.29076,1.00,1.75
2015.11.30 10:03:41.575,2.29002,2.29067,1.00,1.00
2015.11.30 10:03:41.754,2.29003,2.29077,1.00,1.75
2015.11.30 10:03:42.181,2.29003,2.29077,1.00,1.00
2015.11.30 10:03:45.140,2.29002,2.29067,1.00,1.00
2015.11.30 10:03:45.840,2.29002,2.29076,1.00,1.00
2015.11.30 10:03:48.109,2.29004,2.29076,1.00,1.00
2015.11.30 10:03:49.450,2.29011,2.29076,1.00,1.00
2015.11.30 10:03:49.652,2.29013,2.29087,1.00,1.37
2015.11.30 10:03:49.703,2.29013,2.29087,1.00,1.00
2015.11.30 10:03:49.904,2.29011,2.29076,1.00,1.00
2015.11.30 10:03:52.729,2.29014,2.29086,1.00,1.00
2015.11.30 10:03:53.637,2.29011,2.29077,1.00,1.00
2015.11.30 10:03:54.144,2.29012,2.29076,1.00,1.00
2015.11.30 10:03:55.419,2.29012,2.29066,1.00,1.00
2015.11.30 10:03:56.199,2.29002,2.29066,1.00,1.00
2015.11.30 10:03:57.062,2.29004,2.29076,1.00,1.00
2015.11.30 10:03:57.164,2.29013,2.29087,1.00,1.75
2015.11.30 10:03:57.315,2.29013,2.29087,1.00,1.00
2015.11.30 10:03:58.349,2.29014,2.29086,1.00,1.00
2015.11.30 10:03:58.602,2.29014,2.29096,1.00,1.75
2015.11.30 10:03:59.879,2.29013,2.29087,1.00,1.00
2015.11.30 10:04:02.564,2.29014,2.29086,1.00,1.37
2015.11.30 10:04:02.765,2.29001,2.29077,1.00,1.00
2015.11.30 10:04:03.118,2.29004,2.29076,1.00,1.00
2015.11.30 10:04:03.758,2.29003,2.29077,1.00,1.00
2015.11.30 10:04:04.541,2.29004,2.29076,1.00,1.00
2015.11.30 10:04:04.844,2.29013,2.29087,1.00,1.75
2015.11.30 10:04:05.049,2.29004,2.29076,1.00,1.00
2015.11.30 10:04:07.250,2.29011,2.29076,1.00,1.00
2015.11.30 10:04:07.368,2.29004,2.29076,1.00,1.00
2015.11.30 10:04:07.419,2.29014,2.29086,1.00,1.75
2015.11.30 10:04:07.624,2.29013,2.29087,1.00,1.00
2015.11.30 10:04:11.995,2.29011,2.29087,1.00,1.00
2015.11.30 10:04:13.421,2.29014,2.29086,1.00,1.00
2015.11.30 10:04:14.728,2.29013,2.29087,1.00,1.00
2015.11.30 10:04:15.081,2.29023,2.29097,1.00,1.00
2015.11.30 10:04:15.629,2.29024,2.29096,1.00,1.00
2015.11.30 10:04:16.136,2.29023,2.29097,1.00,1.00
2015.11.30 10:04:18.494,2.29024,2.29106,1.00,1.75
2015.11.30 10:04:18.729,2.29033,2.29107,1.00,1.75
2015.11.30 10:04:19.239,2.29034,2.29106,1.00,1.75
2015.11.30 10:04:19.491,2.29024,2.29096,1.00,1.00
2015.11.30 10:04:19.999,2.29023,2.29097,1.00,1.00
2015.11.30 10:04:21.796,2.29024,2.29096,1.00,1.00
2015.11.30 10:04:23.564,2.29031,2.29097,1.00,1.00
2015.11.30 10:04:24.067,2.29032,2.29097,1.00,1.00
2015.11.30 10:04:24.118,2.29034,2.29106,1.00,1.75
2015.11.30 10:04:26.422,2.29033,2.29107,1.00,1.75
2015.11.30 10:04:35.116,2.29023,2.29097,1.00,1.00
2015.11.30 10:04:35.639,2.29013,2.29087,1.12,1.00
2015.11.30 10:04:36.197,2.29023,2.29097,1.00,1.50
2015.11.30 10:04:42.258,2.29024,2.29096,1.00,1.12
2015.11.30 10:04:42.610,2.29014,2.29086,1.00,1.00
2015.11.30 10:04:43.136,2.29013,2.29087,1.00,1.12
2015.11.30 10:04:43.470,2.29003,2.29087,1.00,1.50
2015.11.30 10:04:43.571,2.29003,2.29077,1.00,1.00
2015.11.30 10:04:45.027,2.29004,2.29076,1.00,1.00
2015.11.30 10:04:47.508,2.29014,2.29086,1.00,1.37
2015.11.30 10:04:49.390,2.29013,2.29087,1.00,1.50
2015.11.30 10:04:49.843,2.29003,2.29077,1.00,1.00
2015.11.30 10:04:50.050,2.29014,2.29086,1.00,1.37
2015.11.30 10:04:51.631,2.29004,2.29076,1.00,1.00
2015.11.30 10:04:51.732,2.29014,2.29086,1.00,1.37
2015.11.30 10:04:55.207,2.29014,2.29086,1.00,1.00
2015.11.30 10:04:57.188,2.29013,2.29087,1.00,1.00
2015.11.30 10:04:58.439,2.29024,2.29096,1.00,1.37
2015.11.30 10:05:01.497,2.29023,2.29097,1.00,1.50
2015.11.30 10:05:02.007,2.29024,2.29096,1.00,1.37
2015.11.30 10:05:02.325,2.29033,2.29106,1.00,1.50
2015.11.30 10:05:03.826,2.29024,2.29096,1.00,1.00
2015.11.30 10:05:03.927,2.29034,2.29105,1.00,1.37
2015.11.30 10:05:04.679,2.29023,2.29097,1.00,1.00
2015.11.30 10:05:05.028,2.29022,2.29086,1.00,1.00
2015.11.30 10:05:05.382,2.29014,2.29086,1.37,1.00
2015.11.30 10:05:06.138,2.29013,2.29087,1.37,1.00
2015.11.30 10:05:08.688,2.29012,2.29077,1.00,1.00
2015.11.30 10:05:08.789,2.29003,2.29077,2.25,1.00
2015.11.30 10:05:08.890,2.29003,2.29077,3.00,1.00
2015.11.30 10:05:08.991,2.29013,2.29087,1.12,1.00
2015.11.30 10:05:09.855,2.29012,2.29076,1.00,1.00
2015.11.30 10:05:10.321,2.29013,2.29087,1.00,1.00
2015.11.30 10:05:10.522,2.29011,2.29077,1.00,1.00
2015.11.30 10:05:11.067,2.29012,2.29076,1.00,1.00
2015.11.30 10:05:11.369,2.29001,2.29067,1.75,1.00
2015.11.30 10:05:12.966,2.29007,2.29077,1.00,1.00
2015.11.30 10:05:13.288,2.29009,2.29076,1.00,1.00
2015.11.30 10:05:13.503,2.29007,2.29077,1.00,1.00
2015.11.30 10:05:13.705,2.29004,2.29076,1.50,1.00
2015.11.30 10:05:13.818,2.29011,2.29077,1.00,1.00
2015.11.30 10:05:14.120,2.29022,2.29077,1.12,1.00
2015.11.30 10:05:14.171,2.29023,2.29097,1.00,1.00
2015.11.30 10:05:14.357,2.29032,2.29096,1.00,1.00
2015.11.30 10:05:14.712,2.29034,2.29106,1.00,1.00
2015.11.30 10:05:14.914,2.29051,2.29107,1.00,1.00
2015.11.30 10:05:15.015,2.29051,2.29116,1.00,1.00
2015.11.30 10:05:15.266,2.29053,2.29127,1.00,1.00
2015.11.30 10:05:15.367,2.29051,2.29126,1.50,1.00
2015.11.30 10:05:15.518,2.29051,2.29117,1.00,1.00
2015.11.30 10:05:16.031,2.29053,2.29127,1.00,1.00
2015.11.30 10:05:16.885,2.29052,2.29116,1.00,1.00
2015.11.30 10:05:17.039,2.29044,2.29116,1.12,1.00
2015.11.30 10:05:17.240,2.29053,2.29127,1.00,1.75
2015.11.30 10:05:19.543,2.29044,2.29116,1.00,1.00
2015.11.30 10:05:21.853,2.29034,2.29106,1.50,1.00
2015.11.30 10:05:21.954,2.29044,2.29116,1.00,1.00
2015.11.30 10:05:22.607,2.29035,2.29107,1.12,1.00
2015.11.30 10:05:22.909,2.29033,2.29107,1.00,1.00
2015.11.30 10:05:23.060,2.29023,2.29097,1.50,1.00
2015.11.30 10:05:23.161,2.29023,2.29107,1.50,1.00
2015.11.30 10:05:24.379,2.29024,2.29096,1.37,1.00
2015.11.30 10:05:24.699,2.29032,2.29096,1.00,1.00
2015.11.30 10:05:25.480,2.29034,2.29106,1.00,1.00
2015.11.30 10:05:25.582,2.29042,2.29106,1.00,1.00
2015.11.30 10:05:25.683,2.29034,2.29106,1.00,1.00
2015.11.30 10:05:32.762,2.29031,2.29106,1.00,1.00
2015.11.30 10:05:32.863,2.29033,2.29107,1.00,1.00
2015.11.30 10:05:33.929,2.29034,2.29106,1.00,1.00
2015.11.30 10:05:34.736,2.29024,2.29096,1.37,1.00
2015.11.30 10:05:35.039,2.29033,2.29107,1.00,1.00
2015.11.30 10:05:36.290,2.29034,2.29106,1.00,1.00
2015.11.30 10:05:36.391,2.29041,2.29106,1.00,1.00
2015.11.30 10:05:36.492,2.29033,2.29107,1.00,1.00
2015.11.30 10:05:36.789,2.29041,2.29107,1.00,1.00
2015.11.30 10:05:37.559,2.29042,2.29107,1.00,1.00
2015.11.30 10:05:37.811,2.29044,2.29116,1.00,1.00
2015.11.30 10:05:38.087,2.29033,2.29107,1.50,1.00
2015.11.30 10:05:38.340,2.29043,2.29117,1.00,1.00
2015.11.30 10:05:38.541,2.29043,2.29117,2.25,1.00
2015.11.30 10:05:38.693,2.29053,2.29127,1.00,1.00
2015.11.30 10:05:38.995,2.29061,2.29126,1.00,1.00
2015.11.30 10:05:39.254,2.29064,2.29136,1.00,1.37
2015.11.30 10:05:39.757,2.29063,2.29137,1.00,1.50
2015.11.30 10:05:46.293,2.29064,2.29136,1.00,1.37
2015.11.30 10:05:48.781,2.29071,2.29136,1.00,1.37
2015.11.30 10:05:49.014,2.29061,2.29127,1.00,1.00
2015.11.30 10:05:49.266,2.29071,2.29127,1.00,1.00
2015.11.30 10:05:49.367,2.29062,2.29127,1.00,1.00
2015.11.30 10:05:49.468,2.29074,2.29146,1.00,1.00
2015.11.30 10:05:50.326,2.29064,2.29136,1.00,1.00
2015.11.30 10:05:50.830,2.29063,2.29137,1.00,1.00
2015.11.30 10:05:52.848,2.29061,2.29127,1.00,1.00
2015.11.30 10:05:53.394,2.29061,2.29126,1.00,1.00
2015.11.30 10:05:53.951,2.29061,2.29127,1.00,1.00
2015.11.30 10:05:54.203,2.29053,2.29127,1.00,1.00
2015.11.30 10:05:56.857,2.29062,2.29127,1.00,1.00
2015.11.30 10:05:57.059,2.29054,2.29126,1.00,1.00
2015.11.30 10:05:57.138,2.29051,2.29117,1.00,1.00
2015.11.30 10:05:57.509,2.29053,2.29127,1.00,1.12
2015.11.30 10:05:57.610,2.29051,2.29116,1.00,1.00
2015.11.30 10:05:57.913,2.29053,2.29127,1.00,1.12
2015.11.30 10:06:00.254,2.29052,2.29116,1.00,1.00
2015.11.30 10:06:00.355,2.29034,2.29106,2.25,1.00
2015.11.30 10:06:00.456,2.29041,2.29106,1.00,1.00
2015.11.30 10:06:00.991,2.29033,2.29107,1.75,1.00
2015.11.30 10:06:01.761,2.29042,2.29107,1.00,1.00
2015.11.30 10:06:02.543,2.29033,2.29107,1.75,1.00
2015.11.30 10:06:02.795,2.29041,2.29106,1.00,1.00
2015.11.30 10:06:03.965,2.29043,2.29117,1.00,1.00
2015.11.30 10:06:04.644,2.29042,2.29106,1.00,1.00
2015.11.30 10:06:05.960,2.29044,2.29116,1.00,1.00
2015.11.30 10:06:06.480,2.29043,2.29117,1.00,1.00
2015.11.30 10:06:07.032,2.29044,2.29116,1.00,1.00
2015.11.30 10:06:07.083,2.29042,2.29107,1.00,1.00
2015.11.30 10:06:07.629,2.29041,2.29107,1.00,1.00
2015.11.30 10:06:08.578,2.29041,2.29106,1.00,1.00
2015.11.30 10:06:09.568,2.29041,2.29107,1.00,1.00
2015.11.30 10:06:13.979,2.29033,2.29107,2.25,1.00
2015.11.30 10:06:14.080,2.29033,2.29107,1.37,1.00
2015.11.30 10:06:14.131,2.29033,2.29107,1.00,1.00
2015.11.30 10:06:14.332,2.29042,2.29106,1.00,1.00
2015.11.30 10:06:14.856,2.29041,2.29106,1.00,1.00
2015.11.30 10:06:16.219,2.29041,2.29106,1.37,1.00
2015.11.30 10:06:16.737,2.29041,2.29107,1.37,1.00
2015.11.30 10:06:18.829,2.29044,2.29116,1.00,1.00
2015.11.30 10:06:19.031,2.29041,2.29107,1.37,1.00
2015.11.30 10:06:19.374,2.29044,2.29116,1.00,1.00
2015.11.30 10:06:20.239,2.29043,2.29117,1.12,1.00
2015.11.30 10:06:21.909,2.29052,2.29117,1.00,1.00
2015.11.30 10:06:22.244,2.29043,2.29117,1.12,1.00
2015.11.30 10:06:22.848,2.29044,2.29116,1.00,1.00
2015.11.30 10:06:24.313,2.29043,2.29117,1.12,1.00
2015.11.30 10:06:33.445,2.29042,2.29107,1.00,1.00
2015.11.30 10:06:33.990,2.29041,2.29106,1.00,1.00
2015.11.30 10:06:34.299,2.29041,2.29097,1.00,1.00
2015.11.30 10:06:34.868,2.29042,2.29097,1.00,1.00
2015.11.30 10:06:36.960,2.29041,2.29097,1.00,1.00
2015.11.30 10:06:37.521,2.29041,2.29096,1.00,1.00
2015.11.30 10:06:37.773,2.29032,2.29096,1.00,1.00
2015.11.30 10:06:37.874,2.29024,2.29096,1.00,1.00
2015.11.30 10:06:37.975,2.29022,2.29087,1.00,1.00
2015.11.30 10:06:39.268,2.29021,2.29087,1.00,1.00
2015.11.30 10:06:39.640,2.29021,2.29087,1.00,1.50
2015.11.30 10:06:40.299,2.29022,2.29087,1.00,1.50
2015.11.30 10:06:40.501,2.29004,2.29076,1.00,1.00
2015.11.30 10:06:41.027,2.29003,2.29077,1.00,1.00
2015.11.30 10:06:42.509,2.29003,2.29077,1.87,1.00
2015.11.30 10:06:42.560,2.29003,2.29077,2.25,1.00
2015.11.30 10:06:43.125,2.29004,2.29076,1.50,1.00
2015.11.30 10:06:44.108,2.29014,2.29086,1.00,1.00
2015.11.30 10:06:44.270,2.29003,2.29077,2.25,1.00
2015.11.30 10:06:47.768,2.29013,2.29087,1.00,1.00
2015.11.30 10:06:48.151,2.29013,2.29087,1.50,1.00
2015.11.30 10:06:48.455,2.29024,2.29096,1.00,1.00
2015.11.30 10:06:48.862,2.29014,2.29086,1.37,1.00
2015.11.30 10:06:49.203,2.29024,2.29096,1.00,1.00
2015.11.30 10:06:50.168,2.29014,2.29086,1.37,1.00
2015.11.30 10:06:50.719,2.29014,2.29086,1.00,1.00
2015.11.30 10:06:59.532,2.29011,2.29076,1.00,1.00
2015.11.30 10:07:00.622,2.29004,2.29076,1.50,1.00
2015.11.30 10:07:01.306,2.29014,2.29086,1.00,1.00
2015.11.30 10:07:03.802,2.29003,2.29077,1.00,1.00
2015.11.30 10:07:04.318,2.29004,2.29076,1.00,1.00
2015.11.30 10:07:05.071,2.29003,2.29077,1.00,1.00
2015.11.30 10:07:05.122,2.29014,2.29086,1.00,1.12
2015.11.30 10:07:05.626,2.29013,2.29087,1.00,1.00
2015.11.30 10:07:05.929,2.29003,2.29077,1.00,1.00
2015.11.30 10:07:06.447,2.29004,2.29076,1.00,1.00
2015.11.30 10:07:06.749,2.29004,2.29076,1.50,1.00
2015.11.30 10:07:07.905,2.29004,2.29076,1.00,1.00
2015.11.30 10:07:08.442,2.29003,2.29077,1.00,1.00
2015.11.30 10:07:09.158,2.29003,2.29077,1.37,1.00
2015.11.30 10:07:09.706,2.29003,2.29077,1.75,1.00
2015.11.30 10:07:10.778,2.29012,2.29077,1.00,1.00
2015.11.30 10:07:11.864,2.29003,2.29077,1.75,1.00
2015.11.30 10:07:12.327,2.29012,2.29077,1.00,1.00
2015.11.30 10:07:12.428,2.29011,2.29087,1.00,1.00
2015.11.30 10:07:12.730,2.29004,2.29076,1.50,1.00
2015.11.30 10:07:13.714,2.29004,2.29076,1.00,1.00
2015.11.30 10:07:14.040,2.29012,2.29076,1.00,1.00
2015.11.30 10:07:14.401,2.29004,2.29076,1.00,1.00
2015.11.30 10:07:14.618,2.29012,2.29076,1.00,1.00
2015.11.30 10:07:14.820,2.29013,2.29087,1.37,1.00
2015.11.30 10:07:15.253,2.29006,2.29077,1.75,1.00
2015.11.30 10:07:15.404,2.29011,2.29077,1.00,1.00
2015.11.30 10:07:15.807,2.29003,2.29077,2.25,1.00
2015.11.30 10:07:17.018,2.29004,2.29076,1.00,1.00
2015.11.30 10:07:17.137,2.28994,2.29066,1.50,1.00
2015.11.30 10:07:17.598,2.29001,2.29066,1.00,1.00
2015.11.30 10:07:17.658,2.29001,2.29076,1.00,1.00
2015.11.30 10:07:18.035,2.29003,2.29077,1.00,1.00
2015.11.30 10:07:18.603,2.29004,2.29076,1.00,1.00
2015.11.30 10:07:19.240,2.29001,2.29067,1.00,1.00
2015.11.30 10:07:19.830,2.29001,2.29066,1.00,1.00
2015.11.30 10:07:20.595,2.29001,2.29067,1.00,1.00
2015.11.30 10:07:21.409,2.29001,2.29056,1.00,1.00
2015.11.30 10:07:21.561,2.28984,2.29056,1.75,1.00
2015.11.30 10:07:21.863,2.28994,2.29066,1.50,1.00
2015.11.30 10:07:22.352,2.28994,2.29066,1.12,1.00
2015.11.30 10:07:22.627,2.28992,2.29066,1.00,1.00
2015.11.30 10:07:22.728,2.28992,2.29056,1.00,1.00
2015.11.30 10:07:22.980,2.28984,2.29056,1.75,1.00
2015.11.30 10:07:23.315,2.28991,2.29057,1.00,1.00
2015.11.30 10:07:23.618,2.28993,2.29067,1.00,1.00
2015.11.30 10:07:23.769,2.28993,2.29067,1.37,1.00
2015.11.30 10:07:24.130,2.28992,2.29056,1.75,1.00
2015.11.30 10:07:24.181,2.28994,2.29066,1.37,1.00
2015.11.30 10:07:24.531,2.29012,2.29066,1.00,1.00
2015.11.30 10:07:24.632,2.29003,2.29077,1.00,1.00
2015.11.30 10:07:24.834,2.29002,2.29067,1.00,1.00
2015.11.30 10:07:25.187,2.29012,2.29066,1.00,1.00
2015.11.30 10:07:25.288,2.29011,2.29076,1.00,1.00
2015.11.30 10:07:25.817,2.29012,2.29067,1.00,1.00
2015.11.30 10:07:26.076,2.29001,2.29067,1.75,1.00
2015.11.30 10:07:26.177,2.29003,2.29077,1.50,1.00
2015.11.30 10:07:26.479,2.29011,2.29077,1.00,1.00
2015.11.30 10:07:26.807,2.29002,2.29066,1.75,1.00
2015.11.30 10:07:27.126,2.29012,2.29066,1.00,1.00
2015.11.30 10:07:28.250,2.29001,2.29066,1.75,1.00
2015.11.30 10:07:28.787,2.28994,2.29066,1.50,1.00
2015.11.30 10:07:28.917,2.28991,2.29056,1.75,1.00
2015.11.30 10:07:29.118,2.28991,2.29067,1.75,1.00
2015.11.30 10:07:29.440,2.29002,2.29067,1.00,1.00
2015.11.30 10:07:30.423,2.29002,2.29066,1.00,1.00
2015.11.30 10:07:30.926,2.29002,2.29067,1.00,1.00
2015.11.30 10:07:31.252,2.29011,2.29076,1.00,1.00
2015.11.30 10:07:32.298,2.29001,2.29076,1.75,1.00
2015.11.30 10:07:33.436,2.29001,2.29067,1.75,1.00
2015.11.30 10:07:35.392,2.29001,2.29066,1.75,1.00
2015.11.30 10:07:36.185,2.29001,2.29067,1.75,1.00
2015.11.30 10:07:36.697,2.29001,2.29066,1.75,1.00
2015.11.30 10:07:37.050,2.28993,2.29067,1.37,1.00
2015.11.30 10:07:37.251,2.28992,2.29057,1.50,1.00
2015.11.30 10:07:38.253,2.28994,2.29066,1.12,1.00
2015.11.30 10:07:38.827,2.29002,2.29066,1.00,1.00
2015.11.30 10:07:39.339,2.29001,2.29066,1.00,1.00
2015.11.30 10:07:39.888,2.28994,2.29066,1.12,1.00
2015.11.30 10:07:41.327,2.29001,2.29066,1.00,1.00
2015.11.30 10:07:41.866,2.29002,2.29067,1.00,1.00
2015.11.30 10:07:42.430,2.29004,2.29076,1.00,1.00
2015.11.30 10:07:42.934,2.29003,2.29077,1.00,1.00
2015.11.30 10:07:42.985,2.29002,2.29067,1.00,1.00
2015.11.30 10:07:43.235,2.28993,2.29067,1.37,1.00
2015.11.30 10:07:43.638,2.29002,2.29066,1.00,1.00
2015.11.30 10:07:44.182,2.29001,2.29067,1.00,1.00
2015.11.30 10:07:44.643,2.29003,2.29077,1.00,1.00
2015.11.30 10:07:45.746,2.29004,2.29076,1.00,1.00
2015.11.30 10:07:46.266,2.29003,2.29077,1.00,1.00
2015.11.30 10:07:48.505,2.29002,2.29067,1.00,1.00
2015.11.30 10:07:48.606,2.29004,2.29076,1.00,1.00
2015.11.30 10:07:49.715,2.29003,2.29077,1.00,1.00
2015.11.30 10:07:51.228,2.29004,2.29076,1.00,1.00
2015.11.30 10:07:51.544,2.29001,2.29067,1.00,1.00
2015.11.30 10:07:51.816,2.28994,2.29066,1.12,1.00
2015.11.30 10:07:52.097,2.29001,2.29066,1.00,1.00
2015.11.30 10:07:52.316,2.28994,2.29066,1.12,1.00
2015.11.30 10:07:53.905,2.28993,2.29067,1.37,1.00
2015.11.30 10:07:54.447,2.29002,2.29067,1.00,1.00
2015.11.30 10:07:57.156,2.28993,2.29067,1.37,1.00
2015.11.30 10:07:59.379,2.29001,2.29067,1.00,1.00
2015.11.30 10:07:59.467,2.28993,2.29067,1.37,1.00
2015.11.30 10:08:00.299,2.29002,2.29067,1.00,1.00
2015.11.30 10:08:03.426,2.28993,2.29067,1.37,1.00
2015.11.30 10:08:04.515,2.28994,2.29066,1.12,1.00
2015.11.30 10:08:05.083,2.28993,2.29067,1.37,1.00
2015.11.30 10:08:06.644,2.28984,2.29056,1.75,1.00
2015.11.30 10:08:07.190,2.28983,2.29057,1.75,1.00
2015.11.30 10:08:07.745,2.28983,2.29057,1.37,1.00
2015.11.30 10:08:09.712,2.28982,2.29056,1.37,1.00
2015.11.30 10:08:10.310,2.28993,2.29067,1.00,1.00
2015.11.30 10:08:10.836,2.28994,2.29066,1.00,1.00
2015.11.30 10:08:13.034,2.28993,2.29067,1.50,1.00
2015.11.30 10:08:13.135,2.28991,2.29056,1.75,1.00
2015.11.30 10:08:13.354,2.28993,2.29067,1.50,1.00
2015.11.30 10:08:17.186,2.28984,2.29056,1.75,1.00
2015.11.30 10:08:17.863,2.28983,2.29057,1.75,1.00
2015.11.30 10:08:19.607,2.28993,2.29067,1.50,1.00
2015.11.30 10:08:20.487,2.29002,2.29067,1.00,1.00
2015.11.30 10:08:22.865,2.29002,2.29066,1.00,1.00
2015.11.30 10:08:24.667,2.29001,2.29066,1.00,1.00
2015.11.30 10:08:24.818,2.29011,2.29077,1.00,1.00
2015.11.30 10:08:25.338,2.29011,2.29076,1.00,1.00
2015.11.30 10:08:27.581,2.29011,2.29077,1.00,1.00
2015.11.30 10:08:32.495,2.29011,2.29076,1.00,1.00
2015.11.30 10:08:40.525,2.29011,2.29077,1.00,1.00
2015.11.30 10:08:40.605,2.29022,2.29077,1.00,1.00
2015.11.30 10:08:43.025,2.29012,2.29077,1.00,1.00
2015.11.30 10:08:43.573,2.29011,2.29077,1.00,1.00
2015.11.30 10:08:44.084,2.29011,2.29076,1.00,1.00
2015.11.30 10:08:44.896,2.29021,2.29076,1.00,1.00
2015.11.30 10:08:45.819,2.29011,2.29076,1.00,1.00
2015.11.30 10:08:46.333,2.29011,2.29077,1.00,1.00
2015.11.30 10:08:53.507,2.29011,2.29076,1.00,1.00
2015.11.30 10:08:54.069,2.29012,2.29077,1.00,1.00
2015.11.30 10:08:54.576,2.29011,2.29077,1.00,1.00
2015.11.30 10:08:58.874,2.29022,2.29077,1.00,1.00
2015.11.30 10:08:59.091,2.29011,2.29077,1.00,1.00
2015.11.30 10:08:59.363,2.29011,2.29067,1.00,1.00
2015.11.30 10:08:59.566,2.29011,2.29076,1.00,1.00
2015.11.30 10:08:59.909,2.29014,2.29086,1.00,1.00
2015.11.30 10:09:00.136,2.29012,2.29076,1.00,1.00
2015.11.30 10:09:01.450,2.29014,2.29086,1.00,1.00
2015.11.30 10:09:01.652,2.29012,2.29076,1.75,1.00
2015.11.30 10:09:01.954,2.29021,2.29076,1.00,1.00
2015.11.30 10:09:02.055,2.29012,2.29076,1.75,1.00
2015.11.30 10:09:02.559,2.29012,2.29077,1.75,1.00
2015.11.30 10:09:02.609,2.29021,2.29077,1.00,1.00
2015.11.30 10:09:02.861,2.29022,2.29087,1.00,1.00
2015.11.30 10:09:03.445,2.29021,2.29087,1.00,1.00
2015.11.30 10:09:04.077,2.29021,2.29076,1.00,1.00
2015.11.30 10:09:04.595,2.29022,2.29076,1.00,1.00
2015.11.30 10:09:04.755,2.29022,2.29087,1.00,1.00
2015.11.30 10:09:05.169,2.29011,2.29076,2.25,1.00
2015.11.30 10:09:05.496,2.29022,2.29076,1.00,1.00
2015.11.30 10:09:06.237,2.29012,2.29076,1.75,1.00
2015.11.30 10:09:06.640,2.29011,2.29077,1.00,1.00
2015.11.30 10:09:08.447,2.29003,2.29077,1.37,1.00
2015.11.30 10:09:08.497,2.29001,2.29066,1.75,1.00
2015.11.30 10:09:09.438,2.29012,2.29066,1.00,1.00
2015.11.30 10:09:10.196,2.29011,2.29066,1.00,1.00
2015.11.30 10:09:10.348,2.29012,2.29076,1.00,1.00
2015.11.30 10:09:11.122,2.29002,2.29067,1.50,1.00
2015.11.30 10:09:11.355,2.29003,2.29077,1.37,1.00
2015.11.30 10:09:11.456,2.29001,2.29067,1.75,1.00
2015.11.30 10:09:11.557,2.29001,2.29067,1.00,1.00
2015.11.30 10:09:13.069,2.29002,2.29067,1.00,1.00
2015.11.30 10:09:13.572,2.29001,2.29067,1.00,1.00
2015.11.30 10:09:14.341,2.29001,2.29066,1.00,1.00
2015.11.30 10:09:18.184,2.28994,2.29066,1.12,1.00
2015.11.30 10:09:20.689,2.28991,2.29057,1.00,1.00
2015.11.30 10:09:21.090,2.28984,2.29056,1.00,1.00
2015.11.30 10:09:21.435,2.28991,2.29056,1.00,1.00
2015.11.30 10:09:23.548,2.28982,2.29047,1.00,1.00
2015.11.30 10:09:23.885,2.28984,2.29056,1.00,1.00
2015.11.30 10:09:24.634,2.28983,2.29057,1.00,1.00
2015.11.30 10:09:28.401,2.28993,2.29067,1.00,1.00
2015.11.30 10:09:29.301,2.28984,2.29056,1.00,1.00
2015.11.30 10:09:29.705,2.28973,2.29047,1.12,1.00
2015.11.30 10:09:30.503,2.28974,2.29046,1.00,1.00
2015.11.30 10:09:31.045,2.28984,2.29056,1.00,1.00
2015.11.30 10:09:31.347,2.28974,2.29046,1.00,1.00
2015.11.30 10:09:31.588,2.28983,2.29057,1.00,1.00
2015.11.30 10:09:32.554,2.28973,2.29047,1.12,1.00
2015.11.30 10:09:36.404,2.28974,2.29056,1.00,1.00
2015.11.30 10:09:45.429,2.28982,2.29056,1.00,1.00
2015.11.30 10:09:45.631,2.28974,2.29056,1.00,1.37
2015.11.30 10:09:45.682,2.28971,2.29036,1.00,1.00
2015.11.30 10:09:45.733,2.28967,2.29036,1.00,1.00
2015.11.30 10:09:45.912,2.28973,2.29047,1.00,1.00
2015.11.30 10:09:47.005,2.28974,2.29046,1.00,1.00
2015.11.30 10:09:49.273,2.28973,2.29047,1.00,1.00
2015.11.30 10:09:56.226,2.28974,2.29046,1.00,1.00
2015.11.30 10:09:57.104,2.28963,2.29037,1.00,1.00
2015.11.30 10:09:57.616,2.28964,2.29036,1.00,1.00
2015.11.30 10:09:57.666,2.28974,2.29046,1.00,1.00
2015.11.30 10:10:00.070,2.28964,2.29046,1.00,1.00
2015.11.30 10:10:00.383,2.28972,2.29046,1.00,1.00
2015.11.30 10:10:00.613,2.28964,2.29046,1.00,1.00
2015.11.30 10:10:01.177,2.28965,2.29047,1.12,1.00
2015.11.30 10:10:02.286,2.28974,2.29046,1.00,1.00
2015.11.30 10:10:02.488,2.28964,2.29047,1.37,1.00
2015.11.30 10:10:02.690,2.28971,2.29047,1.00,1.00
2015.11.30 10:10:03.506,2.28974,2.29046,1.00,1.00
2015.11.30 10:10:03.909,2.28973,2.29057,1.00,1.75
2015.11.30 10:10:04.060,2.28964,2.29037,1.37,1.00
2015.11.30 10:10:04.897,2.28964,2.29036,1.37,1.00
2015.11.30 10:10:06.433,2.28972,2.29036,1.00,1.00
2015.11.30 10:10:06.584,2.28984,2.29056,1.00,1.75
2015.11.30 10:10:07.982,2.28983,2.29057,1.00,1.75
2015.11.30 10:10:10.221,2.28984,2.29053,1.00,1.37
2015.11.30 10:10:10.802,2.28983,2.29053,1.00,1.87
2015.11.30 10:10:11.425,2.28984,2.29052,1.00,1.12
2015.11.30 10:10:11.688,2.28984,2.29053,1.00,1.87
2015.11.30 10:10:12.181,2.28964,2.29036,1.00,1.00
2015.11.30 10:10:13.591,2.28954,2.29026,1.50,1.00
2015.11.30 10:10:14.135,2.28953,2.29027,1.75,1.00
2015.11.30 10:10:15.001,2.28962,2.29027,1.00,1.00
2015.11.30 10:10:15.052,2.28963,2.29037,1.00,1.00
2015.11.30 10:10:15.505,2.28953,2.29027,1.75,1.00
2015.11.30 10:10:15.606,2.28954,2.29036,1.50,1.00
2015.11.30 10:10:17.375,2.28963,2.29037,1.00,1.00
2015.11.30 10:10:17.680,2.28964,2.29036,1.37,1.00
2015.11.30 10:10:18.667,2.28963,2.29037,1.50,1.00
2015.11.30 10:10:20.406,2.28964,2.29036,1.37,1.00
2015.11.30 10:10:21.366,2.28971,2.29036,1.00,1.00
2015.11.30 10:10:22.056,2.28964,2.29036,1.37,1.00
2015.11.30 10:10:22.290,2.28972,2.29036,1.00,1.00
2015.11.30 10:10:22.356,2.28964,2.29036,1.37,1.00
2015.11.30 10:10:22.470,2.28972,2.29036,1.00,1.00
2015.11.30 10:10:24.036,2.28964,2.29036,1.37,1.00
2015.11.30 10:10:24.298,2.28964,2.29046,1.37,1.00
2015.11.30 10:10:29.555,2.28963,2.29037,1.50,1.00
2015.11.30 10:10:30.310,2.28964,2.29036,1.37,1.00
2015.11.30 10:10:30.964,2.28963,2.29037,1.50,1.00
2015.11.30 10:10:31.667,2.28963,2.29037,1.00,1.00
2015.11.30 10:10:44.714,2.28964,2.29036,1.00,1.00
2015.11.30 10:10:49.693,2.28963,2.29037,1.00,1.00
2015.11.30 10:10:51.860,2.28967,2.29037,1.00,1.00
2015.11.30 10:10:51.911,2.28973,2.29047,1.00,1.37
2015.11.30 10:10:52.084,2.28984,2.29056,1.00,1.75
2015.11.30 10:10:52.194,2.28973,2.29047,1.00,1.37
2015.11.30 10:10:52.345,2.28973,2.29047,1.50,1.00
2015.11.30 10:10:52.659,2.28984,2.29056,1.00,1.00
2015.11.30 10:10:52.962,2.28994,2.29066,1.00,1.00
2015.11.30 10:10:53.274,2.28984,2.29056,1.12,1.00
2015.11.30 10:10:55.204,2.28983,2.29057,1.37,1.00
2015.11.30 10:10:55.758,2.28984,2.29056,1.12,1.00
2015.11.30 10:10:56.617,2.28978,2.29046,1.75,1.00
2015.11.30 10:10:57.121,2.28973,2.29047,1.50,1.00
2015.11.30 10:10:57.172,2.28971,2.29046,1.75,1.00
2015.11.30 10:10:57.518,2.28967,2.29037,1.75,1.00
2015.11.30 10:11:00.024,2.28967,2.29046,1.75,1.00
2015.11.30 10:11:01.348,2.28974,2.29046,1.00,1.00
2015.11.30 10:11:01.449,2.28963,2.29037,1.37,1.00
2015.11.30 10:11:01.952,2.28964,2.29036,1.12,1.00
2015.11.30 10:11:02.782,2.28963,2.29037,1.87,1.00
2015.11.30 10:11:03.308,2.28964,2.29036,1.87,1.00
2015.11.30 10:11:03.509,2.28968,2.29036,1.00,1.00
2015.11.30 10:11:03.683,2.28964,2.29036,1.12,1.00
2015.11.30 10:11:04.319,2.28963,2.29037,1.37,1.00
2015.11.30 10:11:05.232,2.28963,2.29037,1.75,1.00
2015.11.30 10:11:05.534,2.28973,2.29047,1.00,1.00
2015.11.30 10:11:10.345,2.28994,2.29058,1.00,1.00
2015.11.30 10:11:10.448,2.28994,2.29066,1.00,1.37
2015.11.30 10:11:10.549,2.28994,2.29066,1.00,1.00
2015.11.30 10:11:11.083,2.28993,2.29067,1.00,1.00
2015.11.30 10:11:11.586,2.28994,2.29066,1.00,1.00
2015.11.30 10:11:14.307,2.28987,2.29056,1.75,1.00
2015.11.30 10:11:15.111,2.28992,2.29056,1.00,1.00
2015.11.30 10:11:15.220,2.28993,2.29067,1.00,1.00
2015.11.30 10:11:16.844,2.28994,2.29066,1.00,1.00
2015.11.30 10:11:17.388,2.28993,2.29067,1.00,1.00
2015.11.30 10:11:17.935,2.28987,2.29057,1.00,1.00
2015.11.30 10:11:18.410,2.28993,2.29067,1.00,1.00
2015.11.30 10:11:23.763,2.28994,2.29066,1.00,1.00
2015.11.30 10:11:25.024,2.28993,2.29067,1.00,1.00
2015.11.30 10:11:25.125,2.28994,2.29076,1.00,1.00
2015.11.30 10:11:26.331,2.28994,2.29066,1.00,1.00
2015.11.30 10:11:28.190,2.28993,2.29067,1.00,1.00
2015.11.30 10:11:32.013,2.28994,2.29066,1.00,1.00
2015.11.30 10:11:34.153,2.29004,2.29076,1.00,1.00
2015.11.30 10:11:34.787,2.29005,2.29077,1.00,1.00
2015.11.30 10:11:35.295,2.29004,2.29076,1.50,1.00
2015.11.30 10:11:37.962,2.29014,2.29086,1.00,1.00
2015.11.30 10:11:38.291,2.29004,2.29086,1.00,1.00
2015.11.30 10:11:41.621,2.29004,2.29076,1.00,1.00
2015.11.30 10:11:43.460,2.29003,2.29077,1.00,1.00
2015.11.30 10:11:43.769,2.29005,2.29077,1.00,1.00
2015.11.30 10:11:44.392,2.29006,2.29077,1.00,1.00
2015.11.30 10:11:44.703,2.29014,2.29086,1.00,1.00
2015.11.30 10:11:44.906,2.29023,2.29097,1.00,2.25
2015.11.30 10:11:45.494,2.29024,2.29095,1.00,1.75
2015.11.30 10:11:46.875,2.29023,2.29097,1.00,1.12
2015.11.30 10:11:53.683,2.29024,2.29096,1.00,1.00
2015.11.30 10:12:00.182,2.29013,2.29097,1.00,1.12
2015.11.30 10:12:00.572,2.29013,2.29095,1.00,1.00
2015.11.30 10:12:00.875,2.29013,2.29087,1.00,1.00
2015.11.30 10:12:01.420,2.29014,2.29096,1.00,1.75
2015.11.30 10:12:01.879,2.29014,2.29096,1.00,1.00
2015.11.30 10:12:03.485,2.29024,2.29102,1.00,2.25
2015.11.30 10:12:10.072,2.29023,2.29102,1.00,1.75
2015.11.30 10:12:10.375,2.29033,2.29111,1.00,1.75
2015.11.30 10:12:10.901,2.29024,2.29106,1.00,1.50
2015.11.30 10:12:11.052,2.29024,2.29104,1.00,1.00
2015.11.30 10:12:11.354,2.29023,2.29102,1.00,1.75
2015.11.30 10:12:16.123,2.29023,2.29093,1.00,1.00
2015.11.30 10:12:16.425,2.29014,2.29086,1.00,1.75
2015.11.30 10:12:16.937,2.29013,2.29086,1.00,1.75
2015.11.30 10:12:17.689,2.29004,2.29084,1.00,1.12
2015.11.30 10:12:17.941,2.29004,2.29083,1.00,1.37
2015.11.30 10:12:18.443,2.29003,2.29083,1.00,1.75
2015.11.30 10:12:19.897,2.29014,2.29086,1.00,3.00
2015.11.30 10:12:19.948,2.29014,2.29086,1.00,3.00
2015.11.30 10:12:21.117,2.29013,2.2909,1.00,1.75
2015.11.30 10:12:23.932,2.29003,2.29087,1.00,1.75
2015.11.30 10:12:24.083,2.29013,2.29087,1.00,1.75
2015.11.30 10:12:27.920,2.29003,2.29087,1.00,2.25
2015.11.30 10:12:35.081,2.29003,2.29086,1.00,1.75
2015.11.30 10:12:35.383,2.29003,2.29077,1.00,1.00
2015.11.30 10:12:36.050,2.29004,2.29083,1.00,1.75
2015.11.30 10:12:38.958,2.29004,2.29083,1.00,1.37
2015.11.30 10:12:39.059,2.29004,2.29086,1.00,1.00
2015.11.30 10:12:39.160,2.29013,2.29087,1.00,1.00
2015.11.30 10:12:39.359,2.29003,2.29087,1.00,1.00
2015.11.30 10:12:39.670,2.29013,2.29087,1.00,1.00
2015.11.30 10:12:40.231,2.29004,2.29086,1.00,1.00
2015.11.30 10:12:40.433,2.29014,2.29086,1.00,1.00
2015.11.30 10:12:43.841,2.29013,2.29087,1.00,1.00
2015.11.30 10:12:44.100,2.29014,2.29096,1.00,1.37
2015.11.30 10:12:44.151,2.29014,2.29096,1.00,1.00
2015.11.30 10:12:44.302,2.29024,2.29104,1.00,1.75
2015.11.30 10:12:44.612,2.29024,2.29096,1.00,1.00
2015.11.30 10:12:45.203,2.29024,2.29104,1.00,1.75
2015.11.30 10:12:47.075,2.29023,2.29107,1.00,1.75
2015.11.30 10:12:47.227,2.29024,2.29106,1.12,1.00
2015.11.30 10:12:49.042,2.29023,2.29107,1.37,1.00
2015.11.30 10:12:49.143,2.29034,2.29115,1.00,1.75
2015.11.30 10:12:49.675,2.29033,2.29115,1.00,1.75
2015.11.30 10:13:02.343,2.29034,2.29118,1.00,1.75
2015.11.30 10:13:03.910,2.29034,2.2912,1.00,1.75
2015.11.30 10:13:03.961,2.29034,2.2912,1.00,1.37
2015.11.30 10:13:05.621,2.29033,2.29117,1.00,1.00
2015.11.30 10:13:06.208,2.29044,2.29122,1.00,1.75
2015.11.30 10:13:07.564,2.29044,2.2912,1.00,1.75
2015.11.30 10:13:08.518,2.29034,2.29116,1.00,1.75
2015.11.30 10:13:08.719,2.29023,2.29107,1.00,1.00
2015.11.30 10:13:08.921,2.29023,2.29107,1.00,1.87
2015.11.30 10:13:08.972,2.29014,2.29096,1.00,1.00
2015.11.30 10:13:09.476,2.29013,2.29097,1.00,1.00
2015.11.30 10:13:10.025,2.29024,2.29106,1.00,1.75
2015.11.30 10:13:11.831,2.29033,2.29115,1.00,1.75
2015.11.30 10:13:11.932,2.29033,2.29115,1.00,1.75
2015.11.30 10:13:12.794,2.29034,2.29115,1.00,1.75
2015.11.30 10:13:13.336,2.29033,2.29115,1.00,2.25
2015.11.30 10:13:14.164,2.29023,2.29109,1.00,1.12
2015.11.30 10:13:14.215,2.29023,2.29105,1.00,1.00
2015.11.30 10:13:14.518,2.29023,2.29107,1.00,1.75
2015.11.30 10:13:15.122,2.29034,2.2911,1.00,1.75
2015.11.30 10:13:15.454,2.29024,2.291,1.00,1.37
2015.11.30 10:13:15.504,2.29024,2.291,1.00,2.25
2015.11.30 10:13:15.555,2.29014,2.291,1.00,3.00
2015.11.30 10:13:15.656,2.29024,2.291,1.00,2.25
2015.11.30 10:13:15.958,2.29023,2.29107,1.00,2.25
2015.11.30 10:13:16.483,2.29024,2.29109,1.00,1.75
2015.11.30 10:13:16.735,2.29033,2.29109,1.00,1.37
2015.11.30 10:13:16.785,2.29033,2.29109,1.00,1.00
2015.11.30 10:13:19.814,2.29024,2.29106,1.00,1.37
2015.11.30 10:13:19.864,2.29024,2.29106,1.00,1.75
2015.11.30 10:13:20.644,2.29023,2.29107,1.00,1.75
2015.11.30 10:13:22.344,2.29023,2.29096,1.00,1.00
2015.11.30 10:13:22.495,2.29013,2.29097,1.00,1.00
2015.11.30 10:13:23.041,2.29014,2.29096,1.00,1.00
2015.11.30 10:13:23.263,2.29014,2.29102,1.00,1.12
2015.11.30 10:13:23.313,2.29014,2.29096,1.00,1.00
2015.11.30 10:13:23.629,2.29014,2.29096,1.00,1.75
2015.11.30 10:13:26.891,2.29024,2.29101,1.00,1.75
2015.11.30 10:13:30.701,2.29023,2.29102,1.00,1.75
2015.11.30 10:13:30.921,2.29013,2.291,1.00,1.75
2015.11.30 10:13:34.111,2.29014,2.29101,1.00,2.25
2015.11.30 10:13:34.331,2.29024,2.29101,1.00,2.25
2015.11.30 10:13:34.585,2.29023,2.29101,1.00,1.37
2015.11.30 10:13:34.636,2.29023,2.29101,1.00,1.00
2015.11.30 10:13:34.829,2.29023,2.29106,1.00,1.75
2015.11.30 10:13:36.688,2.29024,2.2911,1.00,1.75
2015.11.30 10:13:36.890,2.29033,2.2911,1.00,1.75
2015.11.30 10:13:37.343,2.29033,2.29111,1.00,1.00
2015.11.30 10:13:38.252,2.29033,2.29115,1.00,1.50
2015.11.30 10:13:39.627,2.29044,2.29114,1.00,1.12
2015.11.30 10:13:39.864,2.29034,2.29116,1.00,1.75
2015.11.30 10:13:40.089,2.29043,2.29119,1.00,1.75
2015.11.30 10:13:40.600,2.29043,2.29116,1.00,1.75
2015.11.30 10:13:41.287,2.29024,2.29106,1.00,1.37
2015.11.30 10:13:47.170,2.29024,2.29101,1.00,1.00
2015.11.30 10:13:47.459,2.29003,2.29097,1.75,1.75
2015.11.30 10:13:47.869,2.29013,2.29094,1.00,1.00
2015.11.30 10:13:48.598,2.29013,2.29097,1.00,1.75
2015.11.30 10:13:52.531,2.29014,2.29096,1.00,1.50
2015.11.30 10:13:52.827,2.29004,2.29088,1.00,1.50
2015.11.30 10:13:55.991,2.29004,2.29085,1.00,1.00
2015.11.30 10:13:56.594,2.29004,2.29086,1.00,1.75
2015.11.30 10:13:57.097,2.29003,2.29087,1.00,1.75
2015.11.30 10:13:59.301,2.29004,2.29086,1.00,1.75
2015.11.30 10:13:59.604,2.29004,2.29086,1.00,1.37
2015.11.30 10:13:59.856,2.29014,2.29092,1.00,1.75
2015.11.30 10:14:02.966,2.29013,2.29088,1.00,1.75
2015.11.30 10:14:03.619,2.29004,2.29096,1.00,1.75
2015.11.30 10:14:08.342,2.29013,2.29093,1.00,1.75
2015.11.30 10:14:08.694,2.29003,2.29089,1.00,1.75
2015.11.30 10:14:09.253,2.29003,2.29083,1.00,1.00
2015.11.30 10:14:09.462,2.28993,2.29077,1.00,1.50
2015.11.30 10:14:11.201,2.29014,2.29089,1.00,1.75
2015.11.30 10:14:11.251,2.29014,2.29089,1.00,1.75
2015.11.30 10:14:13.171,2.29003,2.29087,1.00,1.37
2015.11.30 10:14:13.692,2.29004,2.29085,1.00,1.00
2015.11.30 10:14:13.742,2.28993,2.29077,1.75,1.00
2015.11.30 10:14:14.283,2.28993,2.29077,1.37,1.37
2015.11.30 10:14:14.334,2.28993,2.29077,1.00,2.25
2015.11.30 10:14:15.050,2.28994,2.29076,1.00,1.50
2015.11.30 10:14:15.504,2.28984,2.29068,1.00,1.75
2015.11.30 10:14:16.607,2.28993,2.29068,1.00,1.75
2015.11.30 10:14:16.809,2.28984,2.29069,1.00,1.75
2015.11.30 10:14:18.584,2.28993,2.29068,1.00,2.25
2015.11.30 10:14:19.352,2.28984,2.29066,1.00,1.37
2015.11.30 10:14:21.460,2.28983,2.29067,1.00,1.50
2015.11.30 10:14:24.269,2.28984,2.29066,1.00,1.37
2015.11.30 10:14:24.824,2.28993,2.29074,1.00,1.75
2015.11.30 10:14:28.152,2.28984,2.29069,1.00,1.75
2015.11.30 10:14:28.711,2.28984,2.29059,1.00,1.00
2015.11.30 10:14:28.913,2.28984,2.29063,1.00,1.00
2015.11.30 10:14:29.242,2.28974,2.29056,1.50,1.00
2015.11.30 10:14:29.753,2.28973,2.29057,1.75,1.00
2015.11.30 10:14:31.063,2.28973,2.29057,1.37,1.12
2015.11.30 10:14:31.573,2.28973,2.29057,1.00,1.12
2015.11.30 10:14:31.674,2.28983,2.29064,1.00,1.75
2015.11.30 10:14:32.177,2.28983,2.29067,1.00,1.37
2015.11.30 10:14:32.280,2.28994,2.29074,1.00,1.75
2015.11.30 10:14:32.664,2.28983,2.29068,1.00,1.50
2015.11.30 10:14:34.722,2.28984,2.29074,1.00,1.75
2015.11.30 10:14:35.379,2.28983,2.29067,1.00,1.37
2015.11.30 10:14:35.782,2.28984,2.2906,1.00,1.00
2015.11.30 10:14:36.084,2.28984,2.29062,1.00,1.75
2015.11.30 10:14:36.479,2.28973,2.29057,1.00,1.50
2015.11.30 10:14:36.734,2.28984,2.29063,1.00,1.75
2015.11.30 10:14:39.704,2.28983,2.2906,1.00,1.75
2015.11.30 10:14:42.144,2.28974,2.29056,1.00,1.37
2015.11.30 10:14:42.779,2.28984,2.2906,1.00,1.75
2015.11.30 10:14:43.302,2.28974,2.29056,1.00,1.37
2015.11.30 10:14:43.504,2.28973,2.29052,1.00,1.00
2015.11.30 10:14:43.605,2.28973,2.29055,1.00,1.12
2015.11.30 10:14:43.706,2.28973,2.29049,1.00,1.75
2015.11.30 10:14:43.756,2.28964,2.29046,1.00,1.75
2015.11.30 10:14:44.519,2.28973,2.29049,1.00,1.75
2015.11.30 10:14:44.620,2.28963,2.29049,1.00,1.75
2015.11.30 10:14:46.709,2.28973,2.29051,1.00,1.75
2015.11.30 10:14:46.810,2.28973,2.29057,1.00,1.75
2015.11.30 10:14:47.013,2.28973,2.29057,1.00,1.00
2015.11.30 10:14:47.063,2.28983,2.29064,1.00,2.25
2015.11.30 10:14:47.568,2.28984,2.29066,1.00,1.75
2015.11.30 10:14:49.491,2.28983,2.29067,1.00,1.75
2015.11.30 10:14:49.994,2.28984,2.29066,1.00,1.75
2015.11.30 10:14:51.143,2.28983,2.29073,1.00,1.75
2015.11.30 10:14:54.323,2.28984,2.29075,1.00,3.00
2015.11.30 10:14:55.212,2.28984,2.29072,1.00,1.75
2015.11.30 10:14:56.437,2.28993,2.29074,1.00,1.75
2015.11.30 10:14:56.978,2.28983,2.29067,1.00,1.00
2015.11.30 10:14:57.180,2.28993,2.29073,1.00,1.75
2015.11.30 10:15:01.890,2.28994,2.29075,1.00,2.25
2015.11.30 10:15:03.652,2.28984,2.29066,1.00,1.00
2015.11.30 10:15:05.850,2.28983,2.29067,1.00,1.00
2015.11.30 10:15:10.072,2.28984,2.29066,1.00,1.75
2015.11.30 10:15:10.286,2.28973,2.29057,1.00,1.00
2015.11.30 10:15:13.260,2.28973,2.29048,1.00,1.00
2015.11.30 10:15:13.563,2.28963,2.29053,1.00,2.25
2015.11.30 10:15:16.057,2.28963,2.29047,1.00,1.75
2015.11.30 10:15:16.860,2.28964,2.29045,1.00,1.75
2015.11.30 10:15:18.614,2.28963,2.29047,1.00,1.75
2015.11.30 10:15:19.167,2.28964,2.29046,1.00,1.75
2015.11.30 10:15:19.723,2.28963,2.29047,1.00,1.75
2015.11.30 10:15:23.149,2.28954,2.29045,1.00,2.25
2015.11.30 10:15:23.685,2.28953,2.29037,1.00,1.12
2015.11.30 10:15:24.376,2.28954,2.29036,1.00,1.00
2015.11.30 10:15:25.450,2.28953,2.29037,1.00,1.12
2015.11.30 10:15:25.551,2.28963,2.29044,1.00,1.75
2015.11.30 10:15:25.866,2.28973,2.29054,1.00,2.25
2015.11.30 10:15:26.169,2.28984,2.29059,1.00,2.25
2015.11.30 10:15:27.570,2.28984,2.29059,1.00,1.75
2015.11.30 10:15:27.673,2.28974,2.29056,1.00,1.50
2015.11.30 10:15:29.087,2.28973,2.29057,1.00,1.75
2015.11.30 10:15:31.134,2.28973,2.29053,1.00,1.00
2015.11.30 10:15:31.265,2.28974,2.29056,1.00,1.75
2015.11.30 10:15:31.568,2.28974,2.29055,1.00,1.75
2015.11.30 10:15:31.720,2.28963,2.29054,1.00,1.75
2015.11.30 10:15:31.821,2.28973,2.29054,1.00,1.75
2015.11.30 10:15:33.402,2.28973,2.2906,1.00,1.75
2015.11.30 10:15:33.452,2.28973,2.29053,1.00,1.00
2015.11.30 10:15:33.862,2.28974,2.29056,1.00,1.00
2015.11.30 10:15:33.912,2.28964,2.29046,1.75,1.00
2015.11.30 10:15:36.231,2.28973,2.29057,1.00,1.00
2015.11.30 10:15:36.732,2.28973,2.29058,1.00,1.12
2015.11.30 10:15:36.883,2.28983,2.29066,1.00,2.25
2015.11.30 10:15:37.422,2.28984,2.29062,1.00,1.75
2015.11.30 10:15:37.624,2.28984,2.29065,1.00,1.00
2015.11.30 10:15:38.582,2.28984,2.29065,1.00,1.37
2015.11.30 10:15:38.885,2.28984,2.29065,1.00,2.25
2015.11.30 10:15:41.713,2.28983,2.29065,1.00,2.25
2015.11.30 10:15:43.043,2.28974,2.29056,1.00,1.12
2015.11.30 10:15:45.600,2.28973,2.29057,1.00,1.37
2015.11.30 10:15:48.089,2.28964,2.29046,1.50,1.00
2015.11.30 10:15:50.224,2.28973,2.29057,1.00,1.37
2015.11.30 10:15:50.325,2.28964,2.29046,1.50,1.00
2015.11.30 10:15:50.850,2.28974,2.29056,1.00,1.87
2015.11.30 10:15:51.421,2.28974,2.29056,1.37,1.00
2015.11.30 10:15:51.627,2.28983,2.29067,1.00,1.50
2015.11.30 10:15:51.930,2.28983,2.29074,1.37,1.12
2015.11.30 10:15:51.980,2.28994,2.29076,1.00,1.50
2015.11.30 10:15:53.084,2.28984,2.29073,1.12,1.00
2015.11.30 10:15:54.579,2.28983,2.29067,1.37,1.00
2015.11.30 10:15:54.840,2.28983,2.29073,1.37,1.00
2015.11.30 10:15:56.339,2.28984,2.29066,1.12,1.00
2015.11.30 10:15:58.221,2.28993,2.29075,1.00,1.37
2015.11.30 10:15:59.002,2.28994,2.29079,1.00,1.75
2015.11.30 10:15:59.325,2.29004,2.29084,1.00,1.75
2015.11.30 10:16:02.213,2.28993,2.29081,1.00,1.75
2015.11.30 10:16:07.550,2.28993,2.29077,1.00,1.75
2015.11.30 10:16:07.600,2.28993,2.29075,1.00,1.75
2015.11.30 10:16:10.869,2.28983,2.29067,1.37,1.00
2015.11.30 10:16:11.221,2.28994,2.29075,1.00,1.75
2015.11.30 10:16:11.425,2.28984,2.29066,1.12,1.00
2015.11.30 10:16:12.958,2.28993,2.29075,1.00,2.25
2015.11.30 10:16:13.528,2.29004,2.2908,1.00,1.75
2015.11.30 10:16:13.929,2.29004,2.29069,1.00,1.00
2015.11.30 10:16:14.340,2.29004,2.29071,1.00,1.12
2015.11.30 10:16:14.412,2.29004,2.29069,1.00,1.00
2015.11.30 10:16:15.118,2.29004,2.2907,1.00,1.00
2015.11.30 10:16:15.619,2.28984,2.29066,1.12,1.00
2015.11.30 10:16:15.720,2.28994,2.29076,1.00,1.75
2015.11.30 10:16:16.489,2.28993,2.29077,1.00,1.75
2015.11.30 10:16:17.593,2.28994,2.29076,1.00,1.75
2015.11.30 10:16:18.229,2.28993,2.29077,1.00,1.75
2015.11.30 10:16:19.122,2.28984,2.29066,1.12,1.00
2015.11.30 10:16:19.450,2.28993,2.29077,1.00,1.75
2015.11.30 10:16:19.601,2.28994,2.29081,1.00,1.37
2015.11.30 10:16:19.652,2.28994,2.29085,1.00,1.75
2015.11.30 10:16:20.005,2.29003,2.29086,1.00,2.25
2015.11.30 10:16:20.661,2.29004,2.29086,1.00,1.75
2015.11.30 10:16:20.712,2.29004,2.29086,1.00,1.37
2015.11.30 10:16:20.762,2.29014,2.29092,1.00,1.37
2015.11.30 10:16:22.849,2.29003,2.29087,1.00,1.00
2015.11.30 10:16:25.860,2.29013,2.2909,1.00,1.00
2015.11.30 10:16:26.083,2.29004,2.2909,1.00,1.00
2015.11.30 10:16:27.349,2.29004,2.29096,1.00,3.00
2015.11.30 10:16:27.501,2.29014,2.29096,1.00,2.25
2015.11.30 10:16:27.602,2.29013,2.29097,1.00,1.37
2015.11.30 10:16:27.653,2.29013,2.29097,1.00,1.00
2015.11.30 10:16:28.057,2.29004,2.29096,1.75,1.00
2015.11.30 10:16:30.671,2.29014,2.29096,1.00,1.00
2015.11.30 10:16:31.209,2.29013,2.29097,1.00,1.00
2015.11.30 10:16:32.209,2.29014,2.29096,1.00,1.00
2015.11.30 10:16:32.742,2.29013,2.29097,1.00,1.00
2015.11.30 10:16:33.059,2.29013,2.29094,1.00,1.75
2015.11.30 10:16:33.563,2.29014,2.29096,1.00,1.75
2015.11.30 10:16:34.996,2.29003,2.29087,1.00,1.00
2015.11.30 10:16:35.534,2.29004,2.29086,1.00,1.00
2015.11.30 10:16:36.260,2.29004,2.29083,1.00,1.00
2015.11.30 10:16:36.412,2.28994,2.29083,1.75,1.00
2015.11.30 10:16:36.719,2.28994,2.29084,1.37,1.87
2015.11.30 10:16:36.770,2.28994,2.29084,1.00,2.25
2015.11.30 10:16:38.620,2.29004,2.29084,1.00,2.25
2015.11.30 10:16:40.866,2.29013,2.29088,1.00,2.25
2015.11.30 10:16:41.192,2.29013,2.29088,1.00,1.50
2015.11.30 10:16:41.293,2.29013,2.29093,1.00,1.75
2015.11.30 10:16:45.349,2.29013,2.29097,1.00,1.37
2015.11.30 10:16:45.450,2.29013,2.29097,1.00,1.00
2015.11.30 10:16:45.551,2.29023,2.29103,1.00,1.75
2015.11.30 10:16:45.766,2.29014,2.29096,1.00,1.00
2015.11.30 10:16:46.289,2.29013,2.29097,1.00,1.00
2015.11.30 10:16:46.340,2.29013,2.29097,1.00,1.37
2015.11.30 10:16:46.391,2.29003,2.29087,1.00,1.00
2015.11.30 10:16:47.928,2.29003,2.29083,1.00,1.00
2015.11.30 10:16:48.230,2.29004,2.29083,1.00,1.75
2015.11.30 10:16:51.128,2.29004,2.29078,1.00,1.00
2015.11.30 10:16:53.031,2.29004,2.29084,1.00,1.75
2015.11.30 10:16:55.518,2.29003,2.29081,1.00,1.75
2015.11.30 10:16:59.918,2.29004,2.29085,1.00,1.75
2015.11.30 10:17:05.222,2.29003,2.29087,1.00,1.50
2015.11.30 10:17:05.323,2.29003,2.29087,1.00,1.50
2015.11.30 10:17:05.575,2.29014,2.29093,1.00,1.75
2015.11.30 10:17:09.818,2.29004,2.29089,1.00,1.75
2015.11.30 10:17:11.699,2.29013,2.2909,1.00,2.25
2015.11.30 10:17:14.988,2.29003,2.29087,1.00,1.50
2015.11.30 10:17:18.553,2.29004,2.29086,1.00,1.12
2015.11.30 10:17:19.207,2.29014,2.29088,1.00,1.75
2015.11.30 10:17:19.761,2.29013,2.29086,1.00,1.12
2015.11.30 10:17:20.250,2.29013,2.29083,1.00,1.00
2015.11.30 10:17:20.502,2.29004,2.29081,1.00,1.00
2015.11.30 10:17:21.013,2.29004,2.29082,1.00,1.00
2015.11.30 10:17:22.656,2.29004,2.29086,1.00,2.25
2015.11.30 10:17:22.707,2.29013,2.29086,1.00,1.50
2015.11.30 10:17:23.340,2.29013,2.29091,1.00,1.50
2015.11.30 10:17:23.708,2.29013,2.29089,1.00,1.00
2015.11.30 10:17:23.788,2.29004,2.29086,1.12,1.00
2015.11.30 10:17:24.228,2.29013,2.29089,1.00,1.50
2015.11.30 10:17:24.379,2.29013,2.29091,1.00,1.00
2015.11.30 10:17:24.480,2.29003,2.29091,1.50,1.00
2015.11.30 10:17:26.913,2.29003,2.2909,1.50,1.00
2015.11.30 10:17:27.618,2.29003,2.29089,1.50,1.00
2015.11.30 10:17:28.198,2.29004,2.29091,1.12,1.50
2015.11.30 10:17:28.939,2.29004,2.2909,1.12,1.00
2015.11.30 10:17:29.601,2.29004,2.29089,1.12,1.50
2015.11.30 10:17:31.423,2.29003,2.29088,1.50,1.00
2015.11.30 10:17:34.567,2.29003,2.29086,1.50,1.00
2015.11.30 10:17:35.290,2.29003,2.29075,1.50,1.00
2015.11.30 10:17:35.572,2.28994,2.29075,1.00,1.00
2015.11.30 10:17:36.893,2.28994,2.29078,1.00,1.00
2015.11.30 10:17:37.018,2.29004,2.29078,1.00,1.00
2015.11.30 10:17:40.098,2.29003,2.29087,1.00,1.75
2015.11.30 10:17:40.299,2.29013,2.29094,1.00,1.50
2015.11.30 10:17:41.106,2.29013,2.29089,1.00,1.00
2015.11.30 10:17:41.208,2.29003,2.29087,1.00,1.75
2015.11.30 10:17:42.511,2.29014,2.29089,1.00,1.75
2015.11.30 10:17:45.018,2.29014,2.29093,1.00,1.12
2015.11.30 10:17:45.739,2.29014,2.29091,1.00,1.00
2015.11.30 10:17:46.042,2.29014,2.29088,1.00,1.00
2015.11.30 10:17:46.927,2.29014,2.29089,1.00,1.00
2015.11.30 10:17:47.529,2.29014,2.29088,1.00,1.50
2015.11.30 10:17:50.007,2.29014,2.29089,1.00,1.00
2015.11.30 10:17:52.344,2.29014,2.29086,1.00,1.00
2015.11.30 10:17:54.697,2.29013,2.29086,1.00,1.00
2015.11.30 10:17:54.954,2.29004,2.29085,1.00,1.75
2015.11.30 10:17:56.034,2.29003,2.29081,1.00,1.00
2015.11.30 10:17:56.568,2.29003,2.29078,1.00,1.00
2015.11.30 10:17:57.766,2.29003,2.29077,1.00,1.00
2015.11.30 10:17:59.128,2.29003,2.29079,1.00,1.00
2015.11.30 10:17:59.529,2.29003,2.29084,1.00,1.50
2015.11.30 10:17:59.785,2.29014,2.29085,1.00,1.75
2015.11.30 10:18:02.207,2.29013,2.29089,1.00,1.75
2015.11.30 10:18:02.258,2.29013,2.29089,1.00,1.00
2015.11.30 10:18:04.439,2.29013,2.29088,1.00,1.00
2015.11.30 10:18:04.979,2.29014,2.29088,1.00,1.00
2015.11.30 10:18:05.226,2.29014,2.29088,1.00,1.37
2015.11.30 10:18:08.557,2.29004,2.29085,1.00,1.75
2015.11.30 10:18:09.536,2.29004,2.29086,1.00,1.37
2015.11.30 10:18:09.587,2.29004,2.29086,1.00,1.00
2015.11.30 10:18:19.446,2.29014,2.29092,1.00,1.12
2015.11.30 10:18:20.501,2.29014,2.29096,1.00,1.50
2015.11.30 10:18:23.315,2.29024,2.29099,1.00,1.00
2015.11.30 10:18:23.466,2.29024,2.29106,1.00,3.00
2015.11.30 10:18:23.985,2.29023,2.29106,1.00,2.25
2015.11.30 10:18:24.227,2.29023,2.29107,1.12,1.00
2015.11.30 10:18:24.767,2.29024,2.29106,1.00,1.00
2015.11.30 10:18:25.283,2.29024,2.29112,1.00,1.00
2015.11.30 10:18:25.815,2.29024,2.29111,1.00,1.00
2015.11.30 10:18:28.191,2.29024,2.29107,1.00,1.00
2015.11.30 10:18:28.578,2.29034,2.29112,1.00,1.00
2015.11.30 10:18:28.830,2.29024,2.29106,1.00,1.00
2015.11.30 10:18:29.236,2.29023,2.29112,1.12,1.00
2015.11.30 10:18:33.237,2.29033,2.29112,1.00,1.00
2015.11.30 10:18:33.739,2.29033,2.29113,1.00,1.12
2015.11.30 10:18:38.053,2.29033,2.29109,1.00,1.00
2015.11.30 10:18:39.730,2.29033,2.29108,1.00,1.00
2015.11.30 10:18:40.032,2.29044,2.29125,1.00,1.75
2015.11.30 10:18:40.210,2.29053,2.29126,1.00,1.75
2015.11.30 10:18:40.321,2.29053,2.29126,1.00,1.00
2015.11.30 10:18:40.724,2.29044,2.29126,1.00,2.25
2015.11.30 10:18:40.927,2.29044,2.29117,1.00,1.00
2015.11.30 10:18:41.129,2.29034,2.29116,1.00,1.00
2015.11.30 10:18:41.486,2.29044,2.29121,1.00,1.75
2015.11.30 10:18:41.810,2.29044,2.29116,1.00,1.00
2015.11.30 10:18:42.140,2.29033,2.29108,1.00,1.00
2015.11.30 10:18:42.342,2.29023,2.29105,1.00,1.00
2015.11.30 10:18:46.809,2.29023,2.29105,1.00,1.87
2015.11.30 10:18:46.860,2.29014,2.29099,1.00,1.12
2015.11.30 10:18:46.910,2.29014,2.29096,1.00,1.37
2015.11.30 10:18:47.167,2.29011,2.29093,1.00,1.75
2015.11.30 10:18:47.218,2.29004,2.29093,1.00,1.75
2015.11.30 10:18:47.520,2.29004,2.29096,1.37,1.37
2015.11.30 10:18:47.571,2.29004,2.29096,1.75,1.00
2015.11.30 10:18:48.090,2.29024,2.291,1.00,1.37
2015.11.30 10:18:48.529,2.29014,2.29096,1.00,1.00
2015.11.30 10:18:48.580,2.29014,2.29091,1.00,1.00
2015.11.30 10:18:49.218,2.29013,2.29091,1.00,1.12
2015.11.30 10:18:50.478,2.29013,2.29087,1.00,1.00
2015.11.30 10:18:50.578,2.29004,2.29086,1.00,1.75
2015.11.30 10:18:51.063,2.28993,2.29082,1.00,1.50
2015.11.30 10:18:51.239,2.29013,2.29082,1.00,1.50
2015.11.30 10:18:51.491,2.29003,2.29087,1.00,2.25
2015.11.30 10:18:52.156,2.29004,2.29086,1.00,1.75
2015.11.30 10:18:53.457,2.29014,2.29087,1.00,1.75
2015.11.30 10:18:53.658,2.29014,2.29087,1.00,1.00
2015.11.30 10:18:53.860,2.29014,2.29093,1.00,1.50
2015.11.30 10:18:56.635,2.29013,2.29093,1.00,1.50
2015.11.30 10:19:00.058,2.29013,2.29089,1.00,1.00
2015.11.30 10:19:01.360,2.29013,2.29094,1.00,1.75
2015.11.30 10:19:15.099,2.29013,2.29087,1.00,1.00
2015.11.30 10:19:15.150,2.29004,2.29087,1.00,1.00
2015.11.30 10:19:15.651,2.29003,2.29087,1.00,1.00
2015.11.30 10:19:16.158,2.29004,2.29086,1.00,1.00
2015.11.30 10:19:18.691,2.29004,2.29085,1.00,1.00
2015.11.30 10:19:18.842,2.29004,2.29083,1.00,1.00
2015.11.30 10:19:20.014,2.29004,2.29086,1.00,1.00
2015.11.30 10:19:20.064,2.29013,2.29087,1.00,1.00
2015.11.30 10:19:20.115,2.29013,2.29092,1.00,2.25
2015.11.30 10:19:22.806,2.29014,2.29083,1.00,1.00
2015.11.30 10:19:23.068,2.29003,2.29087,1.00,1.75
2015.11.30 10:19:23.370,2.29003,2.29079,1.00,1.00
2015.11.30 10:19:23.524,2.29003,2.29084,1.00,1.50
2015.11.30 10:19:23.780,2.29003,2.29084,1.00,1.50
2015.11.30 10:19:23.831,2.28994,2.29079,1.00,1.75
2015.11.30 10:19:25.047,2.29004,2.29083,1.00,1.75
2015.11.30 10:19:25.679,2.29003,2.29083,1.00,1.75
2015.11.30 10:19:26.459,2.28993,2.29077,1.00,1.75
2015.11.30 10:19:26.661,2.29004,2.29079,1.00,1.75
2015.11.30 10:19:26.754,2.29004,2.29079,1.00,1.00
2015.11.30 10:19:26.855,2.29004,2.29083,1.00,1.00
2015.11.30 10:19:27.161,2.29004,2.29086,1.00,1.00
2015.11.30 10:19:27.463,2.29013,2.29088,1.00,1.12
2015.11.30 10:19:28.085,2.29003,2.29087,1.00,1.00
2015.11.30 10:19:33.145,2.29003,2.2909,1.00,1.50
2015.11.30 10:19:33.296,2.29013,2.29095,1.00,1.75
2015.11.30 10:19:40.410,2.29014,2.29095,1.00,1.75
2015.11.30 10:19:40.946,2.29013,2.29095,1.00,1.75
2015.11.30 10:19:42.291,2.29011,2.29102,1.00,1.75
2015.11.30 10:19:42.342,2.29012,2.291,1.00,1.50
2015.11.30 10:19:42.544,2.29034,2.2911,1.00,1.00
2015.11.30 10:19:42.947,2.29024,2.29106,1.12,1.00
2015.11.30 10:19:43.159,2.29023,2.29104,1.37,1.00
2015.11.30 10:19:44.750,2.29024,2.291,1.12,1.00
2015.11.30 10:19:45.052,2.29014,2.29096,1.00,1.50
2015.11.30 10:19:45.790,2.29013,2.29095,1.00,1.00
2015.11.30 10:19:46.776,2.29013,2.29096,1.00,2.25
2015.11.30 10:19:46.827,2.29004,2.29096,1.75,3.00
2015.11.30 10:19:46.878,2.29004,2.29091,1.75,1.00
2015.11.30 10:19:47.218,2.29004,2.29083,1.00,1.00
2015.11.30 10:19:47.369,2.28994,2.29083,1.75,1.00
2015.11.30 10:19:48.629,2.28994,2.29083,1.37,1.37
2015.11.30 10:19:48.680,2.28994,2.29077,1.00,1.00
2015.11.30 10:19:49.207,2.28994,2.29076,1.00,1.00
2015.11.30 10:19:50.478,2.28994,2.29073,1.00,1.00
2015.11.30 10:19:50.781,2.28984,2.29059,1.00,1.00
2015.11.30 10:19:51.075,2.28974,2.29059,1.00,1.00
2015.11.30 10:19:51.618,2.28974,2.29063,1.00,1.75
2015.11.30 10:19:53.824,2.28983,2.29063,1.00,1.75
2015.11.30 10:20:03.520,2.28983,2.29058,1.00,1.00
2015.11.30 10:20:03.622,2.28973,2.29057,1.12,1.00
2015.11.30 10:20:08.518,2.28973,2.29056,1.12,1.00
2015.11.30 10:20:09.154,2.28973,2.29057,1.12,1.50
2015.11.30 10:20:09.924,2.28973,2.29056,1.12,1.00
2015.11.30 10:20:12.861,2.28974,2.29056,1.00,1.50
2015.11.30 10:20:17.837,2.28974,2.29055,1.00,1.00
2015.11.30 10:20:19.923,2.28973,2.29055,1.00,1.00
2015.11.30 10:20:20.583,2.28973,2.29056,1.00,1.00
2015.11.30 10:20:21.508,2.28973,2.29056,1.00,1.87
2015.11.30 10:20:31.230,2.28974,2.29049,1.00,1.37
2015.11.30 10:20:33.581,2.28973,2.29053,1.00,1.75
2015.11.30 10:20:33.632,2.28973,2.29053,1.00,1.37
2015.11.30 10:20:33.733,2.28973,2.29054,1.00,1.00
2015.11.30 10:20:33.884,2.28984,2.29056,1.00,1.00
2015.11.30 10:20:33.985,2.28973,2.29056,1.00,1.00
2015.11.30 10:20:34.667,2.28973,2.29057,1.00,1.00
2015.11.30 10:20:35.554,2.28983,2.29057,1.00,1.00
2015.11.30 10:20:36.136,2.28983,2.29058,1.00,2.25
2015.11.30 10:20:38.341,2.28983,2.29057,1.00,1.00
2015.11.30 10:20:38.842,2.28983,2.29058,1.00,1.50
2015.11.30 10:20:39.946,2.28983,2.29057,1.00,1.00
2015.11.30 10:20:40.685,2.28983,2.29058,1.00,1.50
2015.11.30 10:20:47.567,2.28983,2.29057,1.00,1.00
2015.11.30 10:20:51.197,2.28983,2.29064,1.00,2.25
2015.11.30 10:20:51.248,2.28983,2.29064,1.00,1.87
2015.11.30 10:20:51.908,2.28984,2.29065,1.00,1.37
2015.11.30 10:20:55.130,2.28973,2.29057,1.75,1.00
2015.11.30 10:20:55.238,2.28984,2.29065,1.00,1.37
2015.11.30 10:20:55.589,2.28984,2.2906,1.00,1.00
2015.11.30 10:21:00.151,2.28984,2.29061,1.00,1.00
2015.11.30 10:21:00.538,2.28984,2.29059,1.00,1.00
2015.11.30 10:21:01.291,2.28973,2.29059,1.75,1.00
2015.11.30 10:21:01.392,2.28973,2.29062,1.75,1.00
2015.11.30 10:21:07.383,2.28973,2.29062,1.37,1.37
2015.11.30 10:21:07.685,2.28983,2.29065,1.00,1.75
2015.11.30 10:21:10.650,2.28983,2.29059,1.00,1.00
2015.11.30 10:21:10.988,2.28983,2.29056,1.00,1.00
2015.11.30 10:21:11.051,2.28974,2.29056,1.00,1.50
2015.11.30 10:21:11.497,2.28974,2.29056,1.00,1.87
2015.11.30 10:21:12.056,2.28974,2.29051,1.00,1.00
2015.11.30 10:21:12.941,2.28974,2.2905,1.00,1.50
2015.11.30 10:21:13.042,2.28963,2.29046,1.00,1.00
2015.11.30 10:21:13.143,2.28952,2.29026,1.75,1.00
2015.11.30 10:21:13.244,2.28944,2.29026,1.75,1.00
2015.11.30 10:21:13.295,2.28944,2.29026,1.75,1.00
2015.11.30 10:21:16.711,2.28954,2.29033,1.00,1.00
2015.11.30 10:21:20.192,2.28954,2.29032,1.00,1.00
2015.11.30 10:21:20.258,2.28954,2.29035,1.00,1.00
2015.11.30 10:21:20.630,2.28954,2.29028,1.00,1.00
2015.11.30 10:21:20.849,2.28954,2.29034,1.00,1.50
2015.11.30 10:21:21.971,2.28954,2.29029,1.00,1.00
2015.11.30 10:21:22.072,2.28954,2.29034,1.00,1.50
2015.11.30 10:21:23.728,2.28954,2.29028,1.00,1.00
2015.11.30 10:21:28.569,2.28954,2.29031,1.00,1.00
2015.11.30 10:21:29.103,2.28954,2.2903,1.00,1.00
2015.11.30 10:21:31.479,2.28954,2.29034,1.00,1.00
2015.11.30 10:21:31.866,2.28954,2.29034,1.37,1.00
2015.11.30 10:21:31.916,2.28955,2.29036,1.37,1.00
2015.11.30 10:21:31.967,2.28962,2.29036,1.00,1.00
2015.11.30 10:21:32.219,2.28974,2.29058,1.00,1.50
2015.11.30 10:21:32.320,2.28974,2.29048,1.00,1.00
2015.11.30 10:21:32.421,2.28964,2.29052,1.75,1.00
2015.11.30 10:21:32.472,2.28964,2.29052,1.37,1.37
2015.11.30 10:21:32.523,2.28964,2.29052,1.00,1.75
2015.11.30 10:21:33.423,2.28964,2.29037,1.00,1.00
2015.11.30 10:21:33.624,2.28954,2.29035,1.00,1.12
2015.11.30 10:21:36.535,2.28954,2.29034,1.00,1.00
2015.11.30 10:21:37.160,2.28953,2.29035,1.00,1.12
2015.11.30 10:21:37.740,2.28953,2.29034,1.00,1.00
2015.11.30 10:21:39.449,2.28954,2.29034,1.00,1.00
2015.11.30 10:21:40.132,2.28954,2.29035,1.00,1.12
2015.11.30 10:21:40.300,2.28954,2.29033,1.00,1.00
2015.11.30 10:21:40.851,2.28954,2.29032,1.00,1.00
2015.11.30 10:21:43.707,2.28954,2.29033,1.00,1.00
2015.11.30 10:21:44.296,2.28954,2.29032,1.00,1.00
2015.11.30 10:21:46.833,2.28953,2.29033,1.00,1.00
2015.11.30 10:21:48.763,2.28953,2.29027,1.00,1.00
2015.11.30 10:21:48.864,2.28953,2.29033,1.00,1.00
2015.11.30 10:21:49.565,2.28954,2.29033,1.00,1.00
2015.11.30 10:21:50.144,2.28954,2.29032,1.00,1.00
2015.11.30 10:21:50.979,2.28953,2.29032,1.00,1.00
2015.11.30 10:21:51.030,2.28953,2.29028,1.00,1.00
2015.11.30 10:21:51.131,2.28943,2.29028,1.75,1.50
2015.11.30 10:21:51.638,2.28943,2.29027,1.75,1.00
2015.11.30 10:21:53.845,2.28944,2.29026,1.75,1.00
2015.11.30 10:22:00.439,2.28953,2.29028,1.00,1.50
2015.11.30 10:22:00.882,2.28943,2.29027,2.25,1.00
2015.11.30 10:22:01.384,2.28944,2.29028,1.75,1.00
2015.11.30 10:22:03.518,2.28954,2.29028,1.00,1.00
2015.11.30 10:22:15.889,2.28954,2.29033,1.00,1.00
2015.11.30 10:22:16.503,2.28954,2.29031,1.00,1.00
2015.11.30 10:22:16.858,2.28954,2.29029,1.00,1.00
2015.11.30 10:22:18.818,2.28954,2.29031,1.00,1.00
2015.11.30 10:22:18.928,2.28954,2.29029,1.00,1.00
2015.11.30 10:22:20.276,2.28954,2.29031,1.00,1.00
2015.11.30 10:22:22.546,2.28954,2.29035,1.00,1.37
2015.11.30 10:22:24.018,2.28954,2.29032,1.00,1.00
2015.11.30 10:22:25.123,2.28954,2.29034,1.00,1.87
2015.11.30 10:22:25.798,2.28954,2.29032,1.00,1.00
2015.11.30 10:22:26.622,2.28954,2.29031,1.00,1.00
2015.11.30 10:22:26.672,2.28954,2.29029,1.00,1.00
2015.11.30 10:22:26.773,2.28954,2.29032,1.00,1.00
2015.11.30 10:22:27.305,2.28954,2.29031,1.00,1.00
2015.11.30 10:22:27.625,2.28954,2.29033,1.00,1.87
2015.11.30 10:22:28.161,2.28954,2.2903,1.00,1.00
2015.11.30 10:22:29.990,2.28954,2.29032,1.00,1.50
2015.11.30 10:22:30.148,2.28954,2.29029,1.00,1.00
2015.11.30 10:22:30.481,2.28944,2.29029,1.37,1.00
2015.11.30 10:22:33.450,2.28954,2.29032,1.00,1.00
2015.11.30 10:22:33.652,2.28954,2.29034,1.00,1.00
2015.11.30 10:22:37.982,2.28953,2.29035,1.00,1.00
2015.11.30 10:22:38.771,2.28953,2.2903,1.00,1.00
2015.11.30 10:22:40.381,2.28953,2.29025,1.00,1.00
2015.11.30 10:22:40.907,2.28953,2.29026,1.00,1.75
2015.11.30 10:22:41.276,2.28943,2.29025,1.00,1.75
2015.11.30 10:22:41.327,2.28943,2.2901,1.00,1.00
2015.11.30 10:22:41.630,2.28924,2.29006,1.00,1.75
2015.11.30 10:22:44.937,2.28924,2.29006,1.37,1.37
2015.11.30 10:22:44.988,2.28924,2.29006,1.50,1.00
2015.11.30 10:22:46.888,2.28933,2.29015,1.00,1.37
2015.11.30 10:22:47.470,2.28933,2.29017,1.75,1.00
2015.11.30 10:22:47.738,2.28943,2.29027,1.00,1.75
2015.11.30 10:22:47.999,2.28954,2.29029,1.00,1.75
2015.11.30 10:22:49.628,2.28943,2.29027,1.00,1.75
2015.11.30 10:22:50.817,2.28944,2.29026,1.00,1.50
2015.11.30 10:22:52.604,2.28944,2.2902,1.00,1.00
2015.11.30 10:22:53.142,2.28943,2.29021,1.00,1.00
2015.11.30 10:22:53.742,2.28943,2.2902,1.00,1.00
2015.11.30 10:22:53.944,2.28944,2.29025,1.00,1.12
2015.11.30 10:22:54.506,2.28944,2.29024,1.00,1.00
2015.11.30 10:23:00.118,2.28944,2.29025,1.00,1.12
2015.11.30 10:23:00.521,2.28933,2.29025,2.25,1.12
2015.11.30 10:23:00.768,2.28944,2.29025,1.00,1.12
2015.11.30 10:23:02.831,2.28944,2.29026,1.12,1.50
2015.11.30 10:23:03.270,2.28954,2.29029,1.00,1.50
2015.11.30 10:23:03.627,2.28954,2.29035,1.00,1.00
2015.11.30 10:23:03.728,2.28953,2.29037,1.12,1.00
2015.11.30 10:23:04.310,2.28954,2.29036,1.00,1.00
2015.11.30 10:23:04.482,2.28963,2.29038,1.00,1.00
2015.11.30 10:23:05.159,2.28954,2.29036,1.00,1.00
2015.11.30 10:23:07.443,2.28964,2.29038,1.00,1.00
2015.11.30 10:23:10.328,2.28963,2.29038,1.00,1.00
2015.11.30 10:23:16.133,2.28954,2.29036,1.00,1.00
2015.11.30 10:23:18.635,2.28954,2.29036,1.37,1.00
2015.11.30 10:23:18.889,2.28964,2.29046,1.50,1.50
2015.11.30 10:23:19.209,2.28984,2.29059,1.00,1.37
2015.11.30 10:23:19.410,2.28984,2.29065,1.00,1.00
2015.11.30 10:23:19.461,2.28983,2.29067,1.00,1.12
2015.11.30 10:23:19.527,2.28993,2.29069,1.00,2.25
2015.11.30 10:23:20.200,2.28984,2.29066,1.00,1.00
2015.11.30 10:23:30.417,2.28983,2.29067,1.00,1.12
2015.11.30 10:23:30.742,2.28983,2.29067,1.37,1.12
2015.11.30 10:23:31.050,2.28993,2.29069,1.00,1.00
2015.11.30 10:23:31.584,2.28993,2.29073,1.00,1.00
2015.11.30 10:23:37.542,2.28993,2.29071,1.00,1.00
2015.11.30 10:23:37.844,2.28993,2.29074,1.00,1.00
2015.11.30 10:23:39.147,2.28993,2.29077,1.00,1.12
2015.11.30 10:23:40.579,2.29004,2.2908,1.00,1.75
2015.11.30 10:23:41.008,2.29004,2.29072,1.00,1.00
2015.11.30 10:23:41.109,2.28994,2.29072,1.00,1.00
2015.11.30 10:23:41.411,2.28994,2.29076,1.00,1.00
2015.11.30 10:23:41.462,2.29003,2.29079,1.00,1.75
2015.11.30 10:23:41.747,2.29003,2.29087,1.00,1.50
2015.11.30 10:23:43.016,2.29003,2.29085,1.00,1.00
2015.11.30 10:23:44.060,2.29004,2.29085,1.00,1.00
2015.11.30 10:23:44.262,2.29003,2.29087,1.00,1.00
2015.11.30 10:23:44.363,2.29004,2.2909,1.00,1.00
2015.11.30 10:23:46.195,2.29014,2.2909,1.00,1.00
2015.11.30 10:23:48.588,2.29004,2.29086,1.00,1.00
2015.11.30 10:23:52.358,2.29004,2.29084,1.00,1.00
2015.11.30 10:23:52.915,2.29003,2.29084,1.00,1.00
2015.11.30 10:23:53.422,2.29004,2.29084,1.00,1.75
2015.11.30 10:23:53.624,2.29003,2.29087,1.75,1.00
2015.11.30 10:23:53.779,2.29013,2.29096,1.00,1.75
2015.11.30 10:23:54.234,2.29014,2.29094,1.50,1.00
2015.11.30 10:23:54.740,2.29014,2.29096,1.50,1.50
2015.11.30 10:23:54.892,2.29014,2.29092,1.50,1.00
2015.11.30 10:23:55.456,2.29013,2.29085,1.75,1.00
2015.11.30 10:23:55.506,2.29014,2.29085,1.00,1.00
2015.11.30 10:23:55.607,2.29004,2.29085,1.37,1.00
2015.11.30 10:23:55.658,2.29004,2.2908,1.37,1.00
2015.11.30 10:23:56.142,2.29003,2.29074,1.00,1.00
2015.11.30 10:23:56.192,2.28994,2.29074,1.12,1.00
2015.11.30 10:23:56.444,2.28993,2.2907,1.37,1.00
2015.11.30 10:23:56.545,2.28993,2.29074,1.37,1.00
2015.11.30 10:23:56.646,2.28983,2.29067,2.25,1.00
2015.11.30 10:23:57.291,2.28993,2.29077,1.37,1.00
2015.11.30 10:23:57.515,2.29003,2.29084,1.00,1.37
2015.11.30 10:23:57.817,2.29013,2.29093,1.00,1.37
2015.11.30 10:23:59.399,2.29013,2.29096,1.37,1.37
2015.11.30 10:23:59.453,2.29013,2.29096,1.75,1.00
2015.11.30 10:24:01.656,2.29013,2.29097,1.75,1.00
2015.11.30 10:24:05.421,2.29013,2.29102,1.75,1.00
2015.11.30 10:24:05.522,2.29013,2.29107,2.25,1.87
2015.11.30 10:24:05.885,2.29014,2.29096,1.75,1.00
2015.11.30 10:24:06.977,2.29013,2.29097,1.75,1.00
2015.11.30 10:24:07.298,2.29013,2.29094,1.75,1.00
2015.11.30 10:24:07.449,2.29004,2.29086,1.00,1.00
2015.11.30 10:24:07.500,2.29014,2.29093,1.00,1.50
2015.11.30 10:24:07.787,2.29013,2.29097,1.37,1.00
2015.11.30 10:24:07.938,2.29023,2.29103,1.00,1.12
2015.11.30 10:24:08.391,2.29014,2.29106,1.37,1.50
2015.11.30 10:24:09.272,2.29013,2.29097,1.37,1.00
2015.11.30 10:24:12.766,2.29014,2.29096,1.37,1.00
2015.11.30 10:24:18.259,2.29014,2.29096,1.75,1.00
2015.11.30 10:24:18.310,2.29024,2.29106,1.37,1.00
2015.11.30 10:24:18.840,2.29023,2.29107,1.50,1.50
2015.11.30 10:24:20.267,2.29024,2.29106,1.37,1.00
2015.11.30 10:24:20.776,2.29023,2.29107,1.50,1.50
2015.11.30 10:24:21.280,2.29014,2.29106,1.75,1.00
2015.11.30 10:24:22.338,2.29013,2.29097,1.75,1.00
2015.11.30 10:24:23.293,2.29013,2.29097,1.75,1.00
2015.11.30 10:24:23.344,2.29013,2.29097,1.75,1.00
2015.11.30 10:24:25.426,2.29013,2.29093,1.75,1.50
2015.11.30 10:24:25.636,2.29003,2.29086,1.00,1.00
2015.11.30 10:24:26.170,2.29003,2.29087,1.00,1.00
2015.11.30 10:24:26.422,2.29003,2.29087,1.37,1.00
2015.11.30 10:24:27.108,2.29014,2.29092,1.00,1.00
2015.11.30 10:24:27.208,2.29014,2.29096,1.00,1.50
2015.11.30 10:24:31.674,2.29014,2.29095,1.00,1.00
2015.11.30 10:24:31.825,2.29004,2.29086,1.75,1.00
2015.11.30 10:24:32.143,2.29014,2.29096,1.00,1.00
2015.11.30 10:24:33.250,2.29013,2.29097,1.00,1.00
2015.11.30 10:24:33.452,2.29014,2.29095,1.00,1.00
2015.11.30 10:24:33.603,2.29003,2.29095,1.75,1.00
2015.11.30 10:24:33.755,2.29003,2.29089,1.75,1.00
2015.11.30 10:24:33.958,2.29004,2.29089,1.37,1.37
2015.11.30 10:24:34.009,2.29004,2.29089,1.00,1.37
2015.11.30 10:24:34.110,2.29013,2.29089,1.00,1.37
2015.11.30 10:24:34.389,2.29013,2.29095,1.00,1.00
2015.11.30 10:24:35.328,2.29004,2.29095,1.75,1.00
2015.11.30 10:24:35.379,2.29004,2.29089,1.75,1.00
2015.11.30 10:24:35.691,2.29003,2.29085,1.00,1.37
2015.11.30 10:24:36.105,2.28994,2.29085,1.37,1.37
2015.11.30 10:24:36.358,2.28994,2.29076,1.37,1.00
2015.11.30 10:24:36.908,2.28994,2.29075,1.37,1.00
2015.11.30 10:24:37.409,2.28994,2.29076,1.37,1.50
2015.11.30 10:24:38.062,2.28994,2.29076,1.00,1.87
2015.11.30 10:24:38.195,2.28984,2.29076,1.37,1.87
2015.11.30 10:24:38.296,2.28984,2.2907,1.37,1.00
2015.11.30 10:24:38.598,2.28984,2.29066,1.00,1.37
2015.11.30 10:24:39.213,2.28994,2.2907,1.00,1.75
2015.11.30 10:24:39.526,2.28994,2.2907,1.00,1.37
2015.11.30 10:24:39.577,2.28994,2.2907,1.00,1.00
2015.11.30 10:24:40.211,2.28994,2.29074,1.00,1.12
2015.11.30 10:24:41.745,2.28993,2.29074,1.00,1.12
2015.11.30 10:24:42.950,2.28994,2.29076,1.00,1.50
2015.11.30 10:24:43.051,2.28994,2.29076,1.12,1.12
2015.11.30 10:24:44.162,2.29003,2.2908,1.00,1.00
2015.11.30 10:24:45.095,2.29003,2.29086,1.00,1.50
2015.11.30 10:24:45.666,2.28995,2.29086,1.00,1.50
2015.11.30 10:24:45.767,2.28995,2.29086,1.37,1.12
2015.11.30 10:24:46.007,2.29014,2.29094,1.00,1.00
2015.11.30 10:24:47.601,2.29014,2.29096,1.00,1.00
2015.11.30 10:24:48.556,2.29013,2.29097,1.00,1.12
2015.11.30 10:24:58.494,2.29013,2.2909,1.00,1.00
2015.11.30 10:24:58.596,2.29014,2.29096,1.00,1.50
2015.11.30 10:24:59.106,2.29013,2.29096,1.00,1.00
2015.11.30 10:24:59.675,2.29013,2.29097,1.00,1.12
2015.11.30 10:25:04.238,2.29013,2.29095,1.00,1.00
2015.11.30 10:25:05.255,2.29014,2.29095,1.00,1.00
2015.11.30 10:25:05.566,2.29003,2.29074,1.50,1.00
2015.11.30 10:25:05.617,2.29004,2.29078,1.00,1.12
2015.11.30 10:25:05.994,2.29004,2.29086,1.12,1.37
2015.11.30 10:25:06.094,2.29013,2.29093,1.00,1.50
2015.11.30 10:25:06.145,2.29013,2.29088,1.00,1.00
2015.11.30 10:25:06.246,2.29004,2.29085,1.12,1.00
2015.11.30 10:25:06.760,2.29004,2.29086,1.12,1.00
2015.11.30 10:25:06.962,2.29004,2.29084,1.12,1.00
2015.11.30 10:25:07.114,2.28993,2.29077,1.75,1.00
2015.11.30 10:25:07.618,2.28994,2.29076,1.50,1.50
2015.11.30 10:25:08.141,2.28994,2.29075,1.50,1.00
2015.11.30 10:25:09.068,2.28994,2.2907,1.50,1.00
2015.11.30 10:25:09.942,2.28994,2.29069,1.50,1.00
2015.11.30 10:25:10.216,2.28984,2.29064,1.00,1.00
2015.11.30 10:25:10.743,2.28983,2.29064,1.00,1.00
2015.11.30 10:25:10.844,2.28983,2.29064,1.00,1.75
2015.11.30 10:25:10.995,2.28973,2.29057,1.00,1.00
2015.11.30 10:25:11.096,2.28984,2.29064,1.00,1.75
2015.11.30 10:25:11.952,2.28973,2.29057,1.00,1.00
2015.11.30 10:25:16.131,2.28973,2.2906,1.00,1.37
2015.11.30 10:25:16.493,2.28984,2.2906,1.00,1.37
2015.11.30 10:25:17.263,2.28983,2.29065,1.00,1.00
2015.11.30 10:25:17.465,2.28983,2.2907,1.00,1.50
2015.11.30 10:25:17.891,2.28993,2.2907,1.00,1.50
2015.11.30 10:25:20.355,2.28994,2.29074,1.00,1.75
2015.11.30 10:25:20.985,2.29004,2.29078,1.00,1.75
2015.11.30 10:25:21.086,2.29004,2.29078,1.00,1.12
2015.11.30 10:25:21.589,2.29003,2.29078,1.00,1.12
2015.11.30 10:25:22.205,2.28994,2.29076,1.00,1.00
2015.11.30 10:25:22.256,2.28994,2.29074,1.00,1.00
2015.11.30 10:25:22.592,2.28994,2.29076,1.00,1.50
2015.11.30 10:25:23.418,2.28993,2.29078,1.00,1.87
2015.11.30 10:25:24.178,2.29004,2.29078,1.00,1.87
2015.11.30 10:25:24.522,2.29004,2.29074,1.00,1.50
2015.11.30 10:25:26.608,2.28993,2.29074,1.00,1.00
2015.11.30 10:25:26.771,2.28993,2.29069,1.00,1.00
2015.11.30 10:25:27.074,2.28993,2.29068,1.00,1.37
2015.11.30 10:25:27.174,2.28984,2.29066,1.00,1.00
2015.11.30 10:25:27.332,2.28984,2.29058,1.00,1.00
2015.11.30 10:25:27.432,2.28984,2.29064,1.00,1.00
2015.11.30 10:25:29.365,2.28983,2.29064,1.00,1.00
2015.11.30 10:25:29.511,2.28983,2.29067,1.00,1.12
2015.11.30 10:25:29.762,2.28983,2.29067,1.37,1.12
2015.11.30 10:25:30.155,2.28994,2.29069,1.00,1.00
2015.11.30 10:25:32.161,2.28994,2.29068,1.00,1.00
2015.11.30 10:25:33.841,2.28993,2.29068,1.00,1.00
2015.11.30 10:25:34.732,2.28993,2.29069,1.00,1.00
2015.11.30 10:25:35.882,2.28993,2.29068,1.00,1.00
2015.11.30 10:25:37.298,2.28994,2.29069,1.00,1.00
2015.11.30 10:25:37.349,2.28994,2.29072,1.00,1.00
2015.11.30 10:25:37.500,2.28993,2.29077,1.00,1.37
2015.11.30 10:25:37.702,2.29004,2.29077,1.00,1.37
2015.11.30 10:25:38.218,2.29003,2.29076,1.00,1.12
2015.11.30 10:25:38.999,2.29003,2.29081,1.00,1.00
2015.11.30 10:25:39.050,2.29014,2.29081,1.00,1.00
2015.11.30 10:25:39.101,2.29014,2.29087,1.00,1.50
2015.11.30 10:25:39.262,2.29004,2.29087,1.00,1.50
2015.11.30 10:25:39.484,2.29013,2.29087,1.00,1.50
2015.11.30 10:25:39.635,2.29013,2.29087,1.12,1.00
2015.11.30 10:25:40.185,2.29004,2.29086,1.75,1.00
2015.11.30 10:25:43.816,2.29013,2.29093,1.12,1.00
2015.11.30 10:25:44.200,2.29013,2.29088,1.12,1.00
2015.11.30 10:25:45.377,2.29013,2.29094,1.12,1.00
2015.11.30 10:25:46.626,2.29013,2.29087,1.12,1.00
2015.11.30 10:25:47.229,2.29003,2.29087,1.12,1.50
2015.11.30 10:25:48.800,2.29014,2.29087,1.00,1.00
2015.11.30 10:25:51.445,2.29004,2.29086,1.00,1.00
2015.11.30 10:25:51.628,2.29003,2.29083,1.12,1.00
2015.11.30 10:25:51.948,2.29003,2.29078,1.12,1.00
2015.11.30 10:25:52.250,2.29004,2.29069,1.00,1.00
2015.11.30 10:25:52.562,2.28993,2.29069,1.75,1.00
2015.11.30 10:25:52.763,2.28986,2.29069,1.75,1.00
2015.11.30 10:25:53.016,2.28994,2.29068,1.00,1.00
2015.11.30 10:25:53.067,2.28994,2.29075,1.00,1.00
2015.11.30 10:25:55.070,2.28994,2.2907,1.00,1.00
2015.11.30 10:25:56.552,2.28984,2.29066,1.75,1.00
2015.11.30 10:25:58.955,2.28993,2.29069,1.00,1.00
2015.11.30 10:25:59.157,2.28993,2.29073,1.00,1.00
2015.11.30 10:25:59.298,2.29004,2.29073,1.00,1.00
2015.11.30 10:25:59.349,2.29004,2.29077,1.00,1.12
2015.11.30 10:25:59.400,2.28993,2.29077,1.00,1.87
2015.11.30 10:25:59.552,2.28994,2.29071,1.00,1.00
2015.11.30 10:25:59.652,2.28994,2.29076,1.00,1.50
2015.11.30 10:26:01.026,2.28994,2.29068,1.00,1.00
2015.11.30 10:26:01.127,2.28994,2.29076,1.00,1.50
2015.11.30 10:26:03.678,2.28983,2.29076,1.75,1.00
2015.11.30 10:26:03.779,2.28994,2.29076,1.00,1.50
2015.11.30 10:26:04.091,2.28984,2.29076,1.75,1.50
2015.11.30 10:26:04.174,2.28984,2.29068,1.75,1.00
2015.11.30 10:26:04.471,2.28984,2.29068,1.00,1.00
2015.11.30 10:26:04.988,2.28984,2.29072,1.00,1.75
2015.11.30 10:26:08.711,2.28994,2.29072,1.00,1.75
2015.11.30 10:26:10.416,2.28994,2.29074,1.00,1.00
2015.11.30 10:26:10.467,2.28994,2.29076,1.00,1.00
2015.11.30 10:26:10.971,2.28993,2.29077,1.00,1.00
2015.11.30 10:26:14.762,2.28993,2.29077,1.37,1.00
2015.11.30 10:26:15.001,2.29004,2.29083,1.00,1.00
2015.11.30 10:26:15.560,2.29003,2.29083,1.00,1.00
2015.11.30 10:26:15.670,2.29003,2.29087,1.00,1.50
2015.11.30 10:26:15.771,2.29013,2.29087,1.00,1.00
2015.11.30 10:26:16.451,2.29003,2.29087,1.00,1.50
2015.11.30 10:26:16.703,2.29004,2.29082,1.00,1.00
2015.11.30 10:26:17.210,2.29003,2.29082,1.00,1.00
2015.11.30 10:26:17.917,2.29003,2.29087,1.00,1.50
2015.11.30 10:26:18.280,2.29013,2.29087,1.00,1.00
2015.11.30 10:26:18.500,2.29004,2.29088,1.00,1.00
2015.11.30 10:26:20.638,2.29003,2.29087,1.00,1.00
2015.11.30 10:26:21.091,2.29004,2.29078,1.00,1.00
2015.11.30 10:26:21.631,2.29003,2.29078,1.00,1.00
2015.11.30 10:26:21.893,2.29003,2.29083,1.00,1.50
2015.11.30 10:26:22.145,2.29004,2.29086,1.00,1.00
2015.11.30 10:26:22.921,2.29003,2.29087,1.00,1.00
2015.11.30 10:26:23.574,2.28993,2.29077,1.75,1.00
2015.11.30 10:26:23.670,2.29003,2.29087,1.00,1.00
2015.11.30 10:26:24.357,2.29004,2.29086,1.00,1.00
2015.11.30 10:26:24.559,2.29003,2.29089,1.00,1.00
2015.11.30 10:26:24.710,2.29003,2.29085,1.00,1.00
2015.11.30 10:26:25.113,2.28994,2.29076,1.75,1.00
2015.11.30 10:26:25.662,2.29003,2.29085,1.00,1.50
2015.11.30 10:26:28.070,2.29004,2.29085,1.00,1.00
2015.11.30 10:26:28.573,2.29004,2.29086,1.00,1.00
2015.11.30 10:26:30.163,2.29004,2.29088,1.00,1.00
2015.11.30 10:26:31.080,2.29004,2.29086,1.00,1.00
2015.11.30 10:26:32.006,2.29004,2.29085,1.00,1.00
2015.11.30 10:26:32.333,2.29004,2.29081,1.00,1.00
2015.11.30 10:26:33.060,2.29004,2.2908,1.00,1.00
2015.11.30 10:26:33.161,2.29004,2.29082,1.00,1.00
2015.11.30 10:26:33.793,2.28993,2.29077,1.75,1.00
2015.11.30 10:26:33.944,2.28993,2.29077,1.00,1.00
2015.11.30 10:26:35.727,2.28993,2.29073,1.00,1.00
2015.11.30 10:26:36.038,2.28983,2.29067,1.00,1.75
2015.11.30 10:26:36.212,2.28983,2.29063,1.00,1.00
2015.11.30 10:26:39.083,2.28973,2.29057,1.75,1.00
2015.11.30 10:26:39.385,2.28973,2.29057,1.00,1.12
2015.11.30 10:26:44.900,2.28983,2.29062,1.00,1.75
2015.11.30 10:26:45.279,2.28983,2.29067,1.00,2.25
2015.11.30 10:26:45.531,2.28983,2.29067,1.37,1.00
2015.11.30 10:26:45.682,2.28994,2.29076,1.00,1.50
2015.11.30 10:26:46.793,2.29004,2.29082,1.00,1.37
2015.11.30 10:26:47.472,2.28994,2.29076,1.00,1.00
2015.11.30 10:26:49.761,2.28993,2.29077,1.00,1.00
2015.11.30 10:26:51.095,2.29003,2.29087,1.00,3.00
2015.11.30 10:26:51.195,2.29004,2.29086,1.00,1.00
2015.11.30 10:26:55.129,2.29003,2.29087,1.00,1.00
2015.11.30 10:26:56.108,2.29003,2.29086,1.00,1.00
2015.11.30 10:26:57.390,2.29003,2.29085,1.00,1.00
2015.11.30 10:26:58.646,2.29003,2.29085,1.00,1.37
2015.11.30 10:26:59.220,2.29004,2.29086,1.00,3.00
2015.11.30 10:26:59.340,2.28993,2.29077,1.00,1.00
2015.11.30 10:27:01.622,2.29003,2.29086,1.00,1.75
2015.11.30 10:27:02.140,2.29004,2.29086,1.00,2.25
2015.11.30 10:27:02.777,2.29004,2.2908,1.00,1.50
2015.11.30 10:27:02.878,2.28994,2.29075,1.00,1.00
2015.11.30 10:27:03.293,2.29003,2.29087,1.00,1.75
2015.11.30 10:27:03.444,2.29003,2.29087,1.37,1.00
2015.11.30 10:27:03.645,2.29004,2.2909,1.12,1.00
2015.11.30 10:27:04.204,2.29004,2.29095,1.12,2.25
2015.11.30 10:27:04.308,2.29013,2.29095,1.00,2.25
2015.11.30 10:27:04.411,2.29013,2.29097,1.50,1.00
2015.11.30 10:27:07.330,2.29013,2.29096,1.50,1.00
2015.11.30 10:27:08.395,2.29003,2.29096,1.75,1.37
2015.11.30 10:27:08.770,2.29014,2.29096,1.00,1.87
2015.11.30 10:27:09.276,2.29013,2.29096,1.00,1.37
2015.11.30 10:27:09.817,2.29014,2.29105,1.00,1.75
2015.11.30 10:27:12.180,2.29023,2.29105,1.00,1.75
2015.11.30 10:27:12.442,2.29034,2.29111,1.00,1.00
2015.11.30 10:27:12.643,2.29023,2.29107,1.75,1.00
2015.11.30 10:27:12.795,2.29023,2.29107,1.75,1.00
2015.11.30 10:27:12.846,2.29033,2.29117,1.75,1.00
2015.11.30 10:27:14.931,2.29033,2.29114,1.00,1.50
2015.11.30 10:27:15.082,2.29014,2.29106,2.25,1.00
2015.11.30 10:27:17.174,2.29023,2.29107,1.12,1.00
2015.11.30 10:27:17.376,2.29014,2.29096,1.75,1.00
2015.11.30 10:27:20.131,2.29023,2.29107,1.12,1.50
2015.11.30 10:27:20.953,2.29023,2.29107,1.75,1.00
2015.11.30 10:27:21.003,2.29034,2.29116,1.12,1.00
2015.11.30 10:27:23.263,2.29033,2.29117,1.37,1.00
2015.11.30 10:27:23.422,2.29023,2.29107,1.75,1.00
2015.11.30 10:27:23.573,2.29017,2.29106,1.75,1.00
2015.11.30 10:27:24.097,2.29023,2.29107,1.50,1.00
2015.11.30 10:27:24.623,2.29024,2.29106,1.12,1.00
2015.11.30 10:27:24.824,2.29024,2.29106,1.50,1.00
2015.11.30 10:27:25.161,2.29024,2.29106,1.75,1.00
2015.11.30 10:27:27.360,2.29034,2.29115,1.00,1.00
2015.11.30 10:27:27.861,2.29034,2.29116,1.00,1.00
2015.11.30 10:27:29.783,2.29033,2.29117,1.12,1.00
2015.11.30 10:27:29.969,2.29033,2.29114,1.12,1.00
2015.11.30 10:27:30.482,2.29034,2.29115,1.00,1.00
2015.11.30 10:27:30.986,2.29033,2.29115,1.00,1.00
2015.11.30 10:27:31.495,2.29033,2.29114,1.00,1.00
2015.11.30 10:27:32.147,2.29033,2.29114,1.00,1.37
2015.11.30 10:27:32.248,2.29024,2.29109,1.00,1.00
2015.11.30 10:27:32.350,2.29033,2.29109,1.00,1.00
2015.11.30 10:27:32.881,2.29023,2.29109,1.00,1.00
2015.11.30 10:27:32.982,2.29023,2.29107,1.00,1.00
2015.11.30 10:27:33.284,2.29023,2.29101,1.00,1.50
2015.11.30 10:27:33.989,2.29013,2.29097,1.00,1.00
2015.11.30 10:27:38.506,2.29024,2.29103,1.00,1.75
2015.11.30 10:27:38.854,2.29022,2.29097,1.00,1.00
2015.11.30 10:27:39.279,2.29023,2.29103,1.00,1.00
2015.11.30 10:27:40.229,2.29022,2.29097,1.00,1.00
2015.11.30 10:27:40.279,2.29013,2.29097,1.75,1.00
2015.11.30 10:27:40.481,2.29024,2.29103,1.00,1.00
2015.11.30 10:27:43.005,2.29024,2.29104,1.00,1.00
2015.11.30 10:27:43.071,2.29024,2.29106,1.00,1.00
2015.11.30 10:27:47.053,2.29023,2.29107,1.00,1.00
2015.11.30 10:27:52.771,2.29034,2.29116,1.00,2.25
2015.11.30 10:27:56.766,2.29034,2.29116,1.00,1.00
2015.11.30 10:28:01.008,2.29034,2.29115,1.00,1.00
2015.11.30 10:28:01.348,2.29023,2.29107,1.75,1.00
2015.11.30 10:28:01.733,2.29032,2.29107,1.00,1.00
2015.11.30 10:28:02.266,2.29031,2.29117,1.00,1.00
2015.11.30 10:28:02.367,2.29034,2.2912,1.00,1.50
2015.11.30 10:28:02.669,2.29044,2.29125,1.00,1.75
2015.11.30 10:28:03.212,2.29043,2.29125,1.00,1.75
2015.11.30 10:28:05.308,2.29034,2.29116,1.00,1.00
2015.11.30 10:28:06.299,2.29023,2.29117,1.75,1.00
2015.11.30 10:28:06.408,2.29034,2.29116,1.00,1.00
2015.11.30 10:28:06.773,2.29023,2.29117,1.75,1.00
2015.11.30 10:28:07.559,2.29024,2.29106,1.75,1.00
2015.11.30 10:28:07.761,2.29024,2.29106,1.00,1.37
2015.11.30 10:28:07.884,2.29013,2.29097,2.25,1.00
2015.11.30 10:28:08.086,2.29023,2.29107,1.00,1.50
2015.11.30 10:28:08.588,2.29024,2.29106,1.00,1.37
2015.11.30 10:28:09.931,2.29014,2.29096,1.37,1.00
2015.11.30 10:28:10.722,2.29024,2.29106,1.00,1.37
2015.11.30 10:28:10.823,2.29023,2.29107,1.37,1.50
2015.11.30 10:28:11.922,2.29024,2.29106,1.37,1.00
2015.11.30 10:28:13.238,2.29023,2.29113,1.37,1.12
2015.11.30 10:28:13.288,2.2903,2.29117,1.75,1.00
2015.11.30 10:28:13.591,2.29043,2.29127,1.50,1.00
2015.11.30 10:28:14.095,2.29044,2.29126,1.12,1.00
2015.11.30 10:28:16.308,2.29053,2.2913,1.00,1.00
2015.11.30 10:28:17.488,2.29053,2.29134,1.00,1.50
2015.11.30 10:28:17.867,2.29054,2.29136,1.00,1.00
2015.11.30 10:28:18.538,2.29062,2.29136,1.00,1.00
2015.11.30 10:28:18.639,2.29064,2.29139,1.00,1.00
2015.11.30 10:28:18.740,2.29054,2.29136,1.00,1.00
2015.11.30 10:28:21.946,2.29046,2.29127,1.75,1.00
2015.11.30 10:28:22.399,2.29044,2.29126,1.00,1.00
2015.11.30 10:28:23.935,2.29043,2.29127,1.00,1.00
2015.11.30 10:28:25.138,2.29043,2.29125,1.00,1.00
2015.11.30 10:28:25.444,2.29033,2.29117,1.75,1.00
2015.11.30 10:28:26.110,2.29028,2.29117,1.50,1.00
2015.11.30 10:28:26.362,2.29033,2.29117,1.00,1.00
2015.11.30 10:28:28.218,2.29024,2.29116,1.00,1.75
2015.11.30 10:28:28.445,2.29023,2.29107,1.50,1.00
2015.11.30 10:28:29.178,2.29024,2.29106,1.00,1.00
2015.11.30 10:28:34.009,2.29024,2.29106,1.00,1.75
2015.11.30 10:28:34.059,2.29013,2.29107,1.00,1.75
2015.11.30 10:28:34.261,2.29014,2.29096,1.00,1.00
2015.11.30 10:28:34.589,2.29023,2.29107,1.00,2.25
2015.11.30 10:28:37.097,2.29014,2.29096,1.00,1.00
2015.11.30 10:28:46.667,2.29013,2.29097,1.00,1.50
2015.11.30 10:28:49.307,2.29014,2.29096,1.00,1.00
2015.11.30 10:28:50.889,2.29013,2.29097,1.00,1.37
2015.11.30 10:28:52.937,2.29014,2.29096,1.00,1.12
2015.11.30 10:28:59.330,2.29024,2.29106,1.00,1.75
2015.11.30 10:28:59.381,2.29024,2.29106,1.00,1.37
2015.11.30 10:28:59.582,2.29033,2.29112,1.00,1.00
2015.11.30 10:28:59.784,2.29033,2.29117,1.00,1.12
2015.11.30 10:28:59.969,2.29033,2.29115,1.00,1.00
2015.11.30 10:29:00.298,2.29024,2.29106,1.75,1.00
2015.11.30 10:29:01.679,2.29024,2.29104,1.75,1.00
2015.11.30 10:29:01.999,2.29003,2.29087,1.50,1.00
2015.11.30 10:29:02.265,2.29003,2.29087,1.00,1.75
2015.11.30 10:29:02.315,2.28993,2.29077,1.50,1.00
2015.11.30 10:29:05.729,2.29004,2.29086,1.00,1.75
2015.11.30 10:29:10.647,2.28994,2.29086,1.12,1.75
2015.11.30 10:29:12.517,2.28993,2.29077,1.50,1.00
2015.11.30 10:29:15.696,2.28993,2.29074,1.50,1.00
2015.11.30 10:29:15.948,2.28983,2.29067,1.75,1.00
2015.11.30 10:29:21.029,2.28984,2.29066,1.75,1.00
2015.11.30 10:29:21.524,2.28983,2.29067,1.00,1.37
2015.11.30 10:29:21.574,2.28994,2.29075,1.00,1.75
2015.11.30 10:29:21.625,2.28994,2.29076,1.00,1.00
2015.11.30 10:29:22.229,2.29003,2.29083,1.00,1.75
2015.11.30 10:29:22.430,2.29003,2.29087,1.50,1.00
2015.11.30 10:29:22.773,2.29013,2.29097,1.00,1.75
2015.11.30 10:29:28.471,2.29014,2.29096,1.00,1.75
2015.11.30 10:29:29.018,2.29013,2.29097,1.00,1.75
2015.11.30 10:29:32.427,2.29014,2.29096,1.00,1.75
2015.11.30 10:29:33.856,2.29003,2.29087,1.50,1.00
2015.11.30 10:29:33.957,2.29003,2.29087,1.00,1.50
2015.11.30 10:29:34.301,2.28993,2.29082,1.75,1.00
2015.11.30 10:29:34.352,2.28993,2.2908,1.75,1.00
2015.11.30 10:29:34.654,2.28993,2.29077,1.00,1.75
2015.11.30 10:29:35.221,2.28983,2.29077,1.75,1.75
2015.11.30 10:29:35.617,2.28994,2.29076,1.00,1.50
2015.11.30 10:29:35.885,2.28983,2.29075,1.75,1.12
2015.11.30 10:29:35.986,2.28983,2.29073,1.75,1.00
2015.11.30 10:29:36.495,2.28983,2.29074,1.75,1.00
2015.11.30 10:29:39.907,2.28993,2.29074,1.00,1.00
2015.11.30 10:29:40.711,2.28993,2.29077,1.00,1.75
2015.11.30 10:29:41.014,2.29004,2.2908,1.00,1.75
2015.11.30 10:29:41.160,2.29004,2.2908,1.00,1.00
2015.11.30 10:29:41.211,2.29004,2.29085,1.00,1.00
2015.11.30 10:29:41.817,2.29004,2.29084,1.00,1.00
2015.11.30 10:29:42.269,2.29004,2.29086,1.00,1.12
2015.11.30 10:29:42.776,2.29003,2.29087,1.00,1.37
2015.11.30 10:29:51.053,2.28993,2.29087,1.75,1.37
2015.11.30 10:29:51.254,2.28994,2.29076,1.37,1.12
2015.11.30 10:29:51.570,2.28991,2.29057,1.00,1.00
2015.11.30 10:29:51.722,2.29004,2.29086,1.00,2.25
2015.11.30 10:29:52.024,2.28994,2.29086,1.00,2.25
2015.11.30 10:29:52.226,2.29003,2.2908,1.00,1.75
2015.11.30 10:29:52.479,2.28994,2.29076,1.00,1.37
2015.11.30 10:29:52.680,2.28984,2.29076,1.12,1.37
2015.11.30 10:29:52.935,2.28974,2.29066,1.75,1.12
2015.11.30 10:29:53.539,2.28974,2.29064,1.75,1.00
2015.11.30 10:29:55.098,2.28974,2.29064,1.37,1.37
2015.11.30 10:29:55.150,2.28974,2.29064,1.00,1.75
2015.11.30 10:29:57.286,2.28984,2.29064,1.00,1.75
2015.11.30 10:29:58.759,2.28984,2.29066,1.00,1.75
2015.11.30 10:29:58.860,2.28984,2.29066,1.00,1.37
2015.11.30 10:29:58.961,2.28992,2.29066,1.00,1.37
2015.11.30 10:29:59.263,2.29003,2.2908,1.00,2.25
2015.11.30 10:29:59.904,2.29003,2.2907,1.00,1.00
2015.11.30 10:30:00.055,2.28974,2.29056,1.00,1.50
2015.11.30 10:30:00.106,2.28974,2.2905,1.00,1.00
2015.11.30 10:30:00.263,2.28964,2.29045,1.00,1.00
2015.11.30 10:30:00.313,2.28964,2.29045,1.00,1.37
2015.11.30 10:30:00.852,2.28963,2.29044,1.00,1.75
2015.11.30 10:30:01.165,2.28973,2.29048,1.00,1.75
2015.11.30 10:30:01.215,2.28973,2.29048,1.00,1.75
2015.11.30 10:30:01.266,2.28973,2.29048,1.00,1.50
2015.11.30 10:30:01.468,2.28964,2.29049,1.00,1.75
2015.11.30 10:30:03.799,2.28963,2.29049,1.00,1.75
2015.11.30 10:30:04.646,2.28963,2.29044,1.00,1.00
2015.11.30 10:30:05.175,2.28964,2.29049,1.00,1.75
2015.11.30 10:30:05.231,2.28971,2.29049,1.00,1.75
2015.11.30 10:30:05.557,2.28973,2.29053,1.00,1.75
2015.11.30 10:30:05.708,2.28973,2.29057,1.00,2.25
2015.11.30 10:30:05.759,2.28983,2.29057,1.00,1.37
2015.11.30 10:30:06.461,2.28984,2.29068,1.00,1.75
2015.11.30 10:30:06.511,2.28984,2.29073,1.00,1.75
2015.11.30 10:30:06.562,2.28993,2.29073,1.00,1.75
2015.11.30 10:30:06.663,2.28993,2.29077,1.00,1.37
2015.11.30 10:30:06.832,2.29003,2.2908,1.00,1.75
2015.11.30 10:30:06.883,2.28994,2.2908,1.00,1.75
2015.11.30 10:30:07.314,2.29003,2.2908,1.00,1.75
2015.11.30 10:30:08.421,2.28993,2.29077,1.00,1.37
2015.11.30 10:30:08.472,2.28993,2.29072,1.00,1.00
2015.11.30 10:30:08.774,2.29002,2.29073,1.00,1.37
2015.11.30 10:30:08.825,2.29002,2.29077,1.00,1.37
2015.11.30 10:30:08.876,2.29004,2.29085,1.00,1.75
2015.11.30 10:30:09.218,2.29013,2.29086,1.00,1.75
2015.11.30 10:30:09.521,2.29013,2.29091,1.00,1.75
2015.11.30 10:30:10.082,2.29014,2.29092,1.00,1.75
2015.11.30 10:30:10.960,2.29003,2.29087,1.00,1.12
2015.11.30 10:30:11.061,2.29014,2.29092,1.00,1.75
2015.11.30 10:30:11.388,2.29003,2.29087,1.00,2.25
2015.11.30 10:30:11.741,2.29003,2.29073,1.00,1.00
2015.11.30 10:30:12.052,2.28994,2.29066,1.00,1.75
2015.11.30 10:30:12.555,2.28993,2.29075,1.00,1.75
2015.11.30 10:30:12.858,2.29004,2.29075,1.00,1.75
2015.11.30 10:30:12.909,2.29004,2.29075,1.00,1.50
2015.11.30 10:30:13.251,2.28993,2.29076,1.00,1.75
2015.11.30 10:30:13.754,2.28994,2.29076,1.00,2.25
2015.11.30 10:30:14.272,2.28993,2.29076,1.00,1.75
2015.11.30 10:30:15.573,2.28993,2.29068,1.00,1.37
2015.11.30 10:30:15.659,2.28983,2.29063,1.00,1.75
2015.11.30 10:30:15.710,2.28983,2.29058,1.00,1.00
2015.11.30 10:30:15.812,2.28965,2.29046,1.37,1.00
2015.11.30 10:30:15.913,2.28964,2.29046,1.00,1.00
2015.11.30 10:30:16.014,2.28958,2.29046,1.00,1.00
2015.11.30 10:30:16.216,2.28954,2.29046,1.00,2.25
2015.11.30 10:30:16.795,2.28963,2.29046,1.00,1.75
2015.11.30 10:30:17.144,2.28963,2.29052,1.00,1.75
2015.11.30 10:30:17.195,2.28963,2.29052,1.00,1.75
2015.11.30 10:30:17.309,2.28973,2.29052,1.00,1.75
2015.11.30 10:30:17.511,2.28974,2.29062,1.00,2.25
2015.11.30 10:30:17.561,2.28974,2.29056,1.00,1.00
2015.11.30 10:30:18.093,2.28974,2.29058,1.00,1.12
2015.11.30 10:30:18.458,2.28974,2.29055,1.00,1.00
2015.11.30 10:30:18.627,2.28963,2.29047,1.00,1.12
2015.11.30 10:30:18.678,2.28963,2.29043,1.00,1.00
2015.11.30 10:30:19.004,2.28963,2.29043,1.00,1.75
2015.11.30 10:30:19.206,2.28953,2.29038,1.00,1.50
2015.11.30 10:30:19.287,2.28964,2.29038,1.00,1.50
2015.11.30 10:30:19.838,2.28954,2.29041,1.00,1.75
2015.11.30 10:30:20.099,2.28953,2.29037,1.00,1.75
2015.11.30 10:30:20.542,2.28953,2.29037,1.00,1.75
2015.11.30 10:30:20.844,2.28964,2.29045,1.00,1.75
2015.11.30 10:30:21.463,2.28974,2.29049,1.00,2.25
2015.11.30 10:30:22.905,2.28964,2.29046,1.00,1.75
2015.11.30 10:30:23.464,2.28963,2.29046,1.00,1.75
2015.11.30 10:30:23.605,2.28954,2.29039,1.00,1.12
2015.11.30 10:30:24.407,2.28957,2.29046,1.00,1.75
2015.11.30 10:30:24.559,2.28957,2.29046,1.75,1.00
2015.11.30 10:30:24.610,2.28973,2.29053,1.00,1.75
2015.11.30 10:30:24.920,2.28973,2.29063,1.12,1.12
2015.11.30 10:30:25.121,2.28983,2.29063,1.00,1.12
2015.11.30 10:30:28.020,2.28984,2.29066,1.00,1.75
2015.11.30 10:30:30.478,2.28984,2.2906,1.00,1.00
2015.11.30 10:30:30.529,2.28973,2.29057,1.00,1.75
2015.11.30 10:30:31.030,2.28974,2.29056,1.00,2.25
2015.11.30 10:30:33.947,2.28984,2.29057,1.00,1.75
2015.11.30 10:30:35.945,2.28974,2.29056,1.00,1.75
2015.11.30 10:30:40.229,2.28973,2.29055,1.00,1.75
2015.11.30 10:30:41.103,2.28973,2.29049,1.00,1.00
2015.11.30 10:30:41.305,2.28963,2.2905,1.12,1.12
2015.11.30 10:30:41.426,2.28963,2.29047,1.12,1.00
2015.11.30 10:30:43.107,2.28963,2.29044,1.12,1.00
2015.11.30 10:30:48.418,2.28957,2.29047,1.75,1.00
2015.11.30 10:30:48.634,2.28973,2.29056,1.00,1.75
2015.11.30 10:30:48.786,2.28973,2.29057,1.12,1.00
2015.11.30 10:30:49.240,2.28973,2.29055,1.12,1.00
2015.11.30 10:30:49.768,2.28973,2.29057,1.12,1.00
2015.11.30 10:30:50.020,2.28993,2.29064,1.00,1.37
2015.11.30 10:30:50.547,2.28994,2.29063,1.00,1.12
2015.11.30 10:30:50.791,2.28983,2.29058,1.00,1.00
2015.11.30 10:30:51.331,2.28983,2.29057,1.00,1.00
2015.11.30 10:30:51.846,2.28984,2.29058,1.00,1.00
2015.11.30 10:30:52.241,2.28984,2.29062,1.00,1.50
2015.11.30 10:30:52.766,2.28984,2.29063,1.00,1.12
2015.11.30 10:30:55.419,2.28984,2.29059,1.00,1.00
2015.11.30 10:30:55.754,2.28984,2.29056,1.00,1.00
2015.11.30 10:30:56.266,2.28984,2.29057,1.00,1.00
2015.11.30 10:30:58.145,2.28984,2.29056,1.00,1.00
2015.11.30 10:30:58.674,2.28984,2.29057,1.00,1.00
2015.11.30 10:30:59.336,2.28984,2.29056,1.00,1.00
2015.11.30 10:31:00.317,2.28973,2.29056,1.12,1.00
2015.11.30 10:31:00.756,2.28983,2.29057,1.00,1.00
2015.11.30 10:31:00.877,2.28973,2.2905,1.12,1.50
2015.11.30 10:31:00.927,2.28973,2.29038,1.00,1.00
2015.11.30 10:31:01.130,2.28953,2.29046,1.00,1.75
2015.11.30 10:31:01.231,2.28963,2.29046,1.00,1.75
2015.11.30 10:31:01.382,2.28963,2.29047,1.12,1.00
2015.11.30 10:31:01.543,2.28964,2.29049,1.00,1.00
2015.11.30 10:31:01.644,2.28974,2.2905,1.00,1.00
2015.11.30 10:31:01.695,2.28974,2.29056,1.00,2.25
2015.11.30 10:31:02.423,2.28964,2.29046,1.00,1.00
2015.11.30 10:31:04.537,2.28955,2.29047,1.75,1.00
2015.11.30 10:31:04.840,2.28973,2.2905,1.00,1.00
2015.11.30 10:31:05.092,2.28963,2.2905,1.12,1.50
2015.11.30 10:31:05.286,2.28964,2.29046,1.00,1.00
2015.11.30 10:31:05.387,2.28964,2.2905,1.00,1.50
2015.11.30 10:31:05.597,2.28964,2.29056,1.00,2.25
2015.11.30 10:31:05.749,2.28974,2.29056,1.00,2.25
2015.11.30 10:31:07.051,2.28964,2.29046,1.00,1.00
2015.11.30 10:31:07.357,2.28963,2.29056,1.12,1.75
2015.11.30 10:31:07.629,2.28973,2.29056,1.00,1.75
2015.11.30 10:31:07.732,2.28964,2.29046,1.00,1.00
2015.11.30 10:31:10.826,2.28964,2.29046,1.00,1.75
2015.11.30 10:31:12.303,2.28964,2.29042,1.00,1.00
2015.11.30 10:31:12.978,2.28964,2.29046,1.00,2.25
2015.11.30 10:31:13.230,2.28964,2.29046,1.00,1.50
2015.11.30 10:31:15.747,2.28973,2.29056,1.00,1.75
2015.11.30 10:31:15.949,2.28984,2.29066,1.00,1.00
2015.11.30 10:31:16.759,2.28974,2.29056,1.75,1.00
2015.11.30 10:31:17.512,2.28973,2.29057,1.75,1.00
2015.11.30 10:31:19.927,2.28984,2.29066,1.00,1.00
2015.11.30 10:31:20.911,2.28983,2.29067,1.00,1.50
2015.11.30 10:31:21.434,2.28984,2.29066,1.00,1.00
2015.11.30 10:31:22.316,2.28973,2.29057,1.75,1.00
2015.11.30 10:31:23.527,2.28974,2.29054,1.75,1.50
2015.11.30 10:31:23.869,2.28964,2.29046,1.75,1.00
2015.11.30 10:31:23.971,2.28974,2.29055,1.00,1.00
2015.11.30 10:31:24.077,2.28973,2.29057,1.12,1.50
2015.11.30 10:31:24.329,2.28983,2.29063,1.00,1.37
2015.11.30 10:31:24.380,2.28983,2.29063,1.00,1.00
2015.11.30 10:31:24.732,2.28983,2.29066,1.00,1.00
2015.11.30 10:31:25.415,2.28983,2.29067,1.00,1.50
2015.11.30 10:31:25.516,2.28983,2.29065,1.00,1.00
2015.11.30 10:31:26.111,2.28983,2.29064,1.00,1.00
2015.11.30 10:31:27.222,2.28983,2.29059,1.00,1.00
2015.11.30 10:31:27.524,2.28973,2.29057,1.75,1.00
2015.11.30 10:31:27.728,2.28984,2.29065,1.00,1.00
2015.11.30 10:31:28.230,2.28984,2.29066,1.00,1.00
2015.11.30 10:31:28.532,2.28984,2.29072,1.00,1.75
2015.11.30 10:31:28.634,2.28984,2.29073,1.37,1.87
2015.11.30 10:31:28.684,2.28984,2.29073,1.75,1.50
2015.11.30 10:31:28.836,2.28984,2.29066,1.75,1.00
2015.11.30 10:31:29.890,2.28984,2.29066,1.00,1.00
2015.11.30 10:31:35.233,2.28983,2.29066,1.00,1.00
2015.11.30 10:31:35.323,2.28973,2.29057,1.75,1.00
2015.11.30 10:31:38.208,2.28984,2.29065,1.00,1.00
2015.11.30 10:31:38.748,2.28983,2.29065,1.00,1.87
2015.11.30 10:31:38.849,2.28974,2.29056,1.00,1.00
2015.11.30 10:31:39.050,2.28963,2.29047,1.37,1.00
2015.11.30 10:31:39.101,2.28963,2.29047,1.00,1.00
2015.11.30 10:31:40.356,2.28973,2.29056,1.00,1.75
2015.11.30 10:31:40.658,2.28983,2.29061,1.00,1.75
2015.11.30 10:31:43.350,2.28993,2.29063,1.00,1.37
2015.11.30 10:31:43.401,2.28993,2.29065,1.00,1.37
2015.11.30 10:31:43.806,2.28984,2.29066,1.00,1.50
2015.11.30 10:31:44.416,2.28983,2.29067,1.00,1.75
2015.11.30 10:31:45.305,2.28984,2.29066,1.00,1.50
2015.11.30 10:31:45.424,2.28993,2.29071,1.00,1.75
2015.11.30 10:31:45.525,2.28993,2.29071,1.00,1.12
2015.11.30 10:31:48.430,2.28983,2.29067,1.37,1.00
2015.11.30 10:31:57.735,2.28994,2.29073,1.00,1.50
2015.11.30 10:31:58.268,2.28993,2.29077,1.00,1.37
2015.11.30 10:31:58.318,2.28993,2.29077,1.37,1.00
2015.11.30 10:31:58.843,2.28994,2.29076,1.12,1.00
2015.11.30 10:31:59.364,2.28993,2.29077,1.37,1.00
2015.11.30 10:32:00.639,2.29003,2.29087,1.00,1.75
2015.11.30 10:32:00.739,2.29003,2.29087,1.75,1.00
2015.11.30 10:32:11.162,2.29004,2.29086,1.50,1.00
2015.11.30 10:32:11.410,2.29004,2.29084,1.50,1.00
2015.11.30 10:32:11.595,2.28994,2.29076,1.50,1.00
2015.11.30 10:32:13.358,2.28984,2.29077,1.75,1.50
2015.11.30 10:32:13.660,2.28993,2.29077,1.37,1.37
2015.11.30 10:32:13.812,2.28985,2.29077,1.37,1.50
