2010.04.16 05:00:06.205,2.1693,2.17055,1.10,1.10
2010.04.16 05:00:06.595,2.16925,2.1705,1.10,1.10
2010.04.16 05:00:07.695,2.1692,2.1704,1.10,1.10
2010.04.16 05:00:08.914,2.16925,2.1705,1.10,1.10
2010.04.16 05:00:09.174,2.1693,2.17055,1.10,1.10
2010.04.16 05:00:11.394,2.16945,2.1707,1.10,1.10
2010.04.16 05:00:27.672,2.1694,2.17065,1.10,1.10
2010.04.16 05:01:38.742,2.16945,2.1707,1.10,1.10
2010.04.16 05:01:39.222,2.1693,2.17055,1.10,1.10
2010.04.16 05:01:43.014,2.16915,2.1704,1.10,1.10
2010.04.16 05:01:54.808,2.1693,2.17055,1.10,1.10
2010.04.16 05:01:55.168,2.16915,2.1704,1.10,1.10
2010.04.16 05:01:56.088,2.1693,2.17055,1.10,1.10
2010.04.16 05:01:59.167,2.16945,2.1707,1.10,1.10
2010.04.16 05:02:00.587,2.16925,2.1705,1.10,1.10
2010.04.16 05:02:01.287,2.1694,2.1706,1.10,1.10
2010.04.16 05:02:01.647,2.16945,2.1707,1.10,1.10
2010.04.16 05:02:03.376,2.16925,2.1705,1.10,1.10
2010.04.16 05:02:03.726,2.1694,2.1706,1.10,1.10
2010.04.16 05:02:05.685,2.16925,2.1705,1.10,1.10
2010.04.16 05:02:09.314,2.1691,2.17035,1.10,1.10
2010.04.16 05:02:13.673,2.16895,2.17015,1.10,1.10
2010.04.16 05:02:13.890,2.1691,2.1703,1.10,1.10
2010.04.16 05:02:16.713,2.16915,2.1704,1.10,1.10
2010.04.16 05:02:18.139,2.1691,2.1703,1.10,1.10
2010.04.16 05:02:20.862,2.16915,2.1704,1.10,1.10
2010.04.16 05:02:24.231,2.1693,2.17055,1.10,1.10
2010.04.16 05:02:26.111,2.16925,2.17045,1.10,1.10
2010.04.16 05:02:32.231,2.1693,2.17055,1.10,1.10
2010.04.16 05:02:33.989,2.16945,2.1707,1.10,1.10
2010.04.16 05:02:36.318,2.1694,2.1706,1.10,1.10
2010.04.16 05:02:37.108,2.16965,2.17095,1.10,1.10
2010.04.16 05:02:37.368,2.16945,2.1707,1.10,1.10
2010.04.16 05:02:37.628,2.16965,2.1709,1.10,1.10
2010.04.16 05:02:37.808,2.16975,2.17095,1.10,1.10
2010.04.16 05:02:44.526,2.1697,2.1709,1.10,1.10
2010.04.16 05:02:45.876,2.1696,2.17085,1.10,1.10
2010.04.16 05:02:55.854,2.16975,2.171,1.10,1.10
2010.04.16 05:03:03.761,2.1696,2.17085,1.10,1.10
2010.04.16 05:03:04.070,2.16935,2.17055,1.10,1.10
2010.04.16 05:03:16.150,2.1694,2.1706,1.10,1.10
2010.04.16 05:03:26.626,2.16945,2.1707,1.10,1.10
2010.04.16 05:03:27.552,2.1696,2.17085,1.10,1.10
2010.04.16 05:03:34.794,2.16965,2.1709,1.10,1.10
2010.04.16 05:03:56.260,2.1696,2.17085,1.10,1.10
2010.04.16 05:04:07.377,2.1695,2.1708,1.10,1.10
2010.04.16 05:04:07.576,2.16945,2.1707,1.10,1.10
2010.04.16 05:04:08.302,2.1694,2.1706,1.10,1.10
2010.04.16 05:04:23.135,2.16945,2.1707,1.10,1.10
2010.04.16 05:04:23.324,2.1696,2.17085,1.10,1.10
2010.04.16 05:04:23.515,2.1695,2.1708,1.10,1.10
2010.04.16 05:04:24.696,2.1694,2.1706,1.10,1.10
2010.04.16 05:04:30.821,2.1695,2.17075,1.10,1.10
2010.04.16 05:04:31.061,2.16945,2.1707,1.10,1.10
2010.04.16 05:04:31.901,2.16965,2.17095,1.10,1.10
2010.04.16 05:04:32.400,2.1696,2.17085,1.10,1.10
2010.04.16 05:04:35.680,2.16975,2.17095,1.10,1.10
2010.04.16 05:04:36.336,2.1699,2.1711,1.10,1.10
2010.04.16 05:04:36.370,2.1698,2.17105,1.10,1.10
2010.04.16 05:04:46.757,2.16965,2.1709,1.10,1.10
2010.04.16 05:04:47.029,2.16955,2.1708,1.10,1.10
2010.04.16 05:04:50.091,2.1694,2.17065,1.10,1.10
2010.04.16 05:04:51.067,2.16845,2.1701,1.10,1.10
2010.04.16 05:04:51.496,2.1687,2.17015,1.10,1.10
2010.04.16 05:04:53.206,2.16865,2.1701,1.10,1.10
2010.04.16 05:04:55.595,2.1686,2.16985,1.10,1.10
2010.04.16 05:04:57.257,2.1686,2.1698,1.10,1.10
2010.04.16 05:04:58.139,2.16865,2.1699,1.10,1.10
2010.04.16 05:04:59.425,2.1691,2.17035,1.10,1.10
2010.04.16 05:04:59.634,2.16895,2.1702,1.10,1.10
2010.04.16 05:05:00.382,2.1688,2.17005,1.10,1.10
2010.04.16 05:05:02.144,2.16895,2.1702,1.10,1.10
2010.04.16 05:05:03.465,2.1689,2.17015,1.10,1.10
2010.04.16 05:05:44.164,2.16875,2.16995,1.10,1.10
2010.04.16 05:05:46.853,2.1689,2.17015,1.10,1.10
2010.04.16 05:05:50.792,2.1688,2.17005,1.10,1.10
2010.04.16 05:05:58.450,2.1689,2.17015,1.10,1.10
2010.04.16 05:05:59.354,2.169,2.17065,1.10,1.10
2010.04.16 05:06:01.376,2.16895,2.1704,1.10,1.10
2010.04.16 05:06:02.839,2.16935,2.1706,1.10,1.10
2010.04.16 05:06:05.789,2.1694,2.17065,1.10,1.10
2010.04.16 05:06:06.338,2.16935,2.1706,1.10,1.10
2010.04.16 05:06:12.054,2.1693,2.1705,1.10,1.10
2010.04.16 05:06:12.206,2.16935,2.1706,1.10,1.10
2010.04.16 05:06:25.243,2.1693,2.1705,1.10,1.10
2010.04.16 05:06:27.623,2.16935,2.1706,1.10,1.10
2010.04.16 05:06:29.456,2.1694,2.17065,1.10,1.10
2010.04.16 05:06:29.663,2.1695,2.1707,1.10,1.10
2010.04.16 05:06:32.473,2.16955,2.1708,1.10,1.10
2010.04.16 05:06:33.133,2.16975,2.171,1.10,1.10
2010.04.16 05:07:16.162,2.16985,2.1711,1.10,1.10
2010.04.16 05:07:56.461,2.16945,2.1709,1.10,1.10
2010.04.16 05:08:11.044,2.16955,2.171,1.10,1.10
2010.04.16 05:08:11.078,2.16945,2.1709,1.10,1.10
2010.04.16 05:08:11.718,2.1695,2.17095,1.10,1.10
2010.04.16 05:08:17.806,2.16945,2.1709,1.10,1.10
2010.04.16 05:08:22.355,2.1697,2.1709,1.10,1.10
2010.04.16 05:08:24.246,2.16985,2.1711,1.10,1.10
2010.04.16 05:08:25.175,2.16945,2.1709,1.10,1.10
2010.04.16 05:08:25.854,2.1693,2.17075,1.10,1.10
2010.04.16 05:08:38.142,2.1694,2.17085,1.10,1.10
2010.04.16 05:08:46.361,2.1693,2.17075,1.10,1.10
2010.04.16 05:08:48.100,2.16915,2.1706,1.10,1.10
2010.04.16 05:08:48.951,2.16905,2.1705,1.10,1.10
2010.04.16 05:08:57.663,2.1691,2.17055,1.10,1.10
2010.04.16 05:08:59.226,2.16905,2.17045,1.10,1.10
2010.04.16 05:08:59.426,2.1691,2.17055,1.10,1.10
2010.04.16 05:09:02.256,2.16915,2.1706,1.10,1.10
2010.04.16 05:09:02.914,2.1692,2.1707,1.10,1.10
2010.04.16 05:09:03.375,2.16915,2.1706,1.10,1.10
2010.04.16 05:09:04.597,2.1691,2.17055,1.10,1.10
2010.04.16 05:09:04.882,2.16905,2.1705,1.10,1.10
2010.04.16 05:09:08.203,2.16905,2.17045,1.10,1.10
2010.04.16 05:09:09.375,2.1691,2.17055,1.10,1.10
2010.04.16 05:09:10.144,2.16915,2.1706,1.10,1.10
2010.04.16 05:09:10.483,2.16945,2.17065,1.10,1.10
2010.04.16 05:09:11.163,2.16955,2.1708,1.10,1.10
2010.04.16 05:09:12.484,2.1695,2.17075,1.10,1.10
2010.04.16 05:09:13.495,2.16965,2.1709,1.10,1.10
2010.04.16 05:09:26.890,2.1695,2.17075,1.10,1.10
2010.04.16 05:09:28.899,2.16935,2.1706,1.10,1.10
2010.04.16 05:09:31.748,2.16835,2.1704,1.10,1.10
2010.04.16 05:09:31.888,2.16885,2.1705,1.10,1.10
2010.04.16 05:09:34.513,2.1691,2.17055,1.10,1.10
2010.04.16 05:09:38.657,2.16905,2.1705,1.10,1.10
2010.04.16 05:09:38.827,2.16925,2.17045,1.10,1.10
2010.04.16 05:09:40.221,2.1693,2.1705,1.10,1.10
2010.04.16 05:09:41.406,2.16925,2.1705,1.10,1.10
2010.04.16 05:09:45.556,2.1694,2.17065,1.10,1.10
2010.04.16 05:09:47.656,2.16945,2.1707,1.10,1.10
2010.04.16 05:09:47.865,2.1695,2.17075,1.10,1.10
2010.04.16 05:09:48.465,2.16945,2.17065,1.10,1.10
2010.04.16 05:09:50.064,2.1696,2.1708,1.10,1.10
2010.04.16 05:09:51.784,2.16945,2.17065,1.10,1.10
2010.04.16 05:09:53.276,2.16825,2.17035,1.10,1.10
2010.04.16 05:09:54.264,2.1685,2.1704,1.10,1.10
2010.04.16 05:09:55.530,2.16825,2.17035,1.10,1.10
2010.04.16 05:09:55.842,2.1685,2.1704,1.10,1.10
2010.04.16 05:09:58.143,2.1686,2.17045,1.10,1.10
2010.04.16 05:09:58.272,2.1685,2.1704,1.10,1.10
2010.04.16 05:09:58.402,2.1686,2.17045,1.10,1.10
2010.04.16 05:09:58.533,2.1685,2.1704,1.10,1.10
2010.04.16 05:10:00.171,2.1686,2.17045,1.10,1.10
2010.04.16 05:10:00.818,2.1686,2.1705,1.10,1.10
2010.04.16 05:10:01.142,2.1686,2.17045,1.10,1.10
2010.04.16 05:10:11.799,2.16855,2.1704,1.10,1.10
2010.04.16 05:10:11.950,2.1685,2.17035,1.10,1.10
2010.04.16 05:10:12.248,2.1685,2.1704,1.10,1.10
2010.04.16 05:10:12.797,2.16845,2.17035,1.10,1.10
2010.04.16 05:10:13.142,2.1685,2.1704,1.10,1.10
2010.04.16 05:10:14.208,2.16905,2.1705,1.10,1.10
2010.04.16 05:10:20.436,2.169,2.17045,1.10,1.10
2010.04.16 05:10:20.547,2.16895,2.1704,1.10,1.10
2010.04.16 05:10:21.827,2.1689,2.17035,1.10,1.10
2010.04.16 05:10:25.077,2.16885,2.1703,1.10,1.10
2010.04.16 05:10:33.894,2.1689,2.17035,1.10,1.10
2010.04.16 05:10:34.523,2.16895,2.1704,1.10,1.10
2010.04.16 05:11:20.553,2.16905,2.1705,1.10,1.10
2010.04.16 05:11:49.135,2.1691,2.17055,1.10,1.10
2010.04.16 05:11:49.276,2.16915,2.17055,1.10,1.10
2010.04.16 05:11:49.345,2.1696,2.17105,1.10,1.10
2010.04.16 05:11:50.277,2.1697,2.1709,1.10,1.10
2010.04.16 05:11:52.905,2.1696,2.17085,1.10,1.10
2010.04.16 05:11:55.433,2.1697,2.1709,1.10,1.10
2010.04.16 05:12:21.248,2.16965,2.1711,1.10,1.10
2010.04.16 05:12:21.727,2.1697,2.1709,1.10,1.10
2010.04.16 05:12:25.536,2.16955,2.17075,1.10,1.10
2010.04.16 05:12:27.308,2.1697,2.1709,1.10,1.10
2010.04.16 05:12:34.970,2.16975,2.171,1.10,1.10
2010.04.16 05:12:47.572,2.1696,2.17085,1.10,1.10
2010.04.16 05:12:53.719,2.16955,2.17075,1.10,1.10
2010.04.16 05:13:04.748,2.1696,2.17085,1.10,1.10
2010.04.16 05:13:04.927,2.16975,2.171,1.10,1.10
2010.04.16 05:13:20.603,2.1696,2.1708,1.10,1.10
2010.04.16 05:13:21.523,2.16965,2.1709,1.10,1.10
2010.04.16 05:13:22.673,2.1698,2.17105,1.10,1.10
2010.04.16 05:13:23.123,2.16985,2.1711,1.10,1.10
2010.04.16 05:13:23.422,2.17,2.1712,1.10,1.10
2010.04.16 05:13:24.452,2.17,2.17125,1.10,1.10
2010.04.16 05:13:24.793,2.16995,2.17115,1.10,1.10
2010.04.16 05:13:24.873,2.1701,2.17135,1.10,1.10
2010.04.16 05:13:24.955,2.17015,2.1714,1.10,1.10
2010.04.16 05:13:26.443,2.17025,2.17145,1.10,1.10
2010.04.16 05:13:26.783,2.1701,2.1713,1.10,1.10
2010.04.16 05:13:27.122,2.17,2.17125,1.10,1.10
2010.04.16 05:13:29.111,2.16995,2.17115,1.10,1.10
2010.04.16 05:13:29.991,2.17,2.17125,1.10,1.10
2010.04.16 05:13:36.459,2.16995,2.17115,1.10,1.10
2010.04.16 05:13:42.928,2.17,2.17125,1.10,1.10
2010.04.16 05:13:46.637,2.16995,2.1712,1.10,1.10
2010.04.16 05:13:47.416,2.17005,2.17125,1.10,1.10
2010.04.16 05:13:50.257,2.1701,2.17135,1.10,1.10
2010.04.16 05:13:51.186,2.17015,2.1714,1.10,1.10
2010.04.16 05:13:51.366,2.1701,2.17135,1.10,1.10
2010.04.16 05:13:51.546,2.17015,2.1714,1.10,1.10
2010.04.16 05:13:52.845,2.1701,2.17135,1.10,1.10
2010.04.16 05:13:53.405,2.17015,2.1714,1.10,1.10
2010.04.16 05:13:53.645,2.1701,2.17135,1.10,1.10
2010.04.16 05:13:54.545,2.17015,2.1714,1.10,1.10
2010.04.16 05:13:58.821,2.1701,2.17135,1.10,1.10
2010.04.16 05:13:59.197,2.17015,2.1714,1.10,1.10
2010.04.16 05:14:08.301,2.1703,2.17155,1.10,1.10
2010.04.16 05:14:20.338,2.17025,2.17145,1.10,1.10
2010.04.16 05:14:20.558,2.1703,2.17155,1.10,1.10
2010.04.16 05:14:28.377,2.17025,2.17145,1.10,1.10
2010.04.16 05:14:28.537,2.1703,2.17155,1.10,1.10
2010.04.16 05:14:38.265,2.17025,2.17145,1.10,1.10
2010.04.16 05:14:38.775,2.17015,2.1714,1.10,1.10
2010.04.16 05:14:39.635,2.1701,2.17135,1.10,1.10
2010.04.16 05:14:40.484,2.17015,2.1714,1.10,1.10
2010.04.16 05:14:40.704,2.1701,2.17135,1.10,1.10
2010.04.16 05:14:40.854,2.17015,2.1714,1.10,1.10
2010.04.16 05:14:41.006,2.1701,2.17135,1.10,1.10
2010.04.16 05:14:41.305,2.17015,2.1714,1.10,1.10
2010.04.16 05:14:41.603,2.1701,2.17135,1.10,1.10
2010.04.16 05:14:41.914,2.17015,2.1714,1.10,1.10
2010.04.16 05:14:42.975,2.1701,2.17135,1.10,1.10
2010.04.16 05:14:43.273,2.17015,2.1714,1.10,1.10
2010.04.16 05:14:43.513,2.1701,2.17135,1.10,1.10
2010.04.16 05:14:44.269,2.17015,2.1714,1.10,1.10
2010.04.16 05:14:44.604,2.1701,2.17135,1.10,1.10
2010.04.16 05:14:44.944,2.17015,2.1714,1.10,1.10
2010.04.16 05:14:45.083,2.1701,2.17135,1.10,1.10
2010.04.16 05:14:45.362,2.17015,2.1714,1.10,1.10
2010.04.16 05:14:45.503,2.1701,2.17135,1.10,1.10
2010.04.16 05:14:46.359,2.17015,2.1714,1.10,1.10
2010.04.16 05:14:46.492,2.1701,2.17135,1.10,1.10
2010.04.16 05:14:49.015,2.17005,2.17125,1.10,1.10
2010.04.16 05:14:54.621,2.1702,2.1714,1.10,1.10
2010.04.16 05:14:56.040,2.17025,2.1715,1.10,1.10
2010.04.16 05:14:57.030,2.1701,2.1713,1.10,1.10
2010.04.16 05:14:57.580,2.17005,2.17125,1.10,1.10
2010.04.16 05:15:04.118,2.16995,2.1712,1.10,1.10
2010.04.16 05:15:04.458,2.17,2.17125,1.10,1.10
2010.04.16 05:15:06.978,2.1701,2.1713,1.10,1.10
2010.04.16 05:15:07.358,2.1702,2.17145,1.10,1.10
2010.04.16 05:15:09.267,2.17015,2.1714,1.10,1.10
2010.04.16 05:15:09.447,2.1701,2.1713,1.10,1.10
2010.04.16 05:15:10.208,2.17015,2.1714,1.10,1.10
2010.04.16 05:15:10.387,2.1701,2.1713,1.10,1.10
2010.04.16 05:15:11.107,2.17025,2.1715,1.10,1.10
2010.04.16 05:15:12.118,2.1703,2.17155,1.10,1.10
2010.04.16 05:15:12.397,2.17025,2.1715,1.10,1.10
2010.04.16 05:15:12.676,2.1701,2.1713,1.10,1.10
2010.04.16 05:15:12.956,2.17,2.17125,1.10,1.10
2010.04.16 05:15:14.836,2.17015,2.1714,1.10,1.10
2010.04.16 05:15:15.056,2.1702,2.1714,1.10,1.10
2010.04.16 05:15:16.545,2.17025,2.1715,1.10,1.10
2010.04.16 05:15:47.128,2.1703,2.17155,1.10,1.10
2010.04.16 05:15:48.139,2.1704,2.1716,1.10,1.10
2010.04.16 05:16:07.143,2.1703,2.17155,1.10,1.10
2010.04.16 05:16:13.502,2.1704,2.1716,1.10,1.10
2010.04.16 05:16:16.231,2.17025,2.1715,1.10,1.10
2010.04.16 05:16:36.626,2.1703,2.17155,1.10,1.10
2010.04.16 05:16:37.116,2.17035,2.1716,1.10,1.10
2010.04.16 05:16:43.214,2.1704,2.1716,1.10,1.10
2010.04.16 05:17:11.658,2.17045,2.1717,1.10,1.10
2010.04.16 05:17:16.716,2.1704,2.1716,1.10,1.10
2010.04.16 05:17:18.956,2.17045,2.1717,1.10,1.10
2010.04.16 05:17:25.906,2.1704,2.1716,1.10,1.10
2010.04.16 05:17:27.185,2.1703,2.17155,1.10,1.10
2010.04.16 05:17:27.724,2.1704,2.1716,1.10,1.10
2010.04.16 05:17:30.653,2.17045,2.1717,1.10,1.10
2010.04.16 05:17:31.073,2.1705,2.17175,1.10,1.10
2010.04.16 05:17:31.283,2.17045,2.1717,1.10,1.10
2010.04.16 05:17:34.522,2.1704,2.1716,1.10,1.10
2010.04.16 05:17:34.973,2.1703,2.17155,1.10,1.10
2010.04.16 05:17:35.792,2.17025,2.1715,1.10,1.10
2010.04.16 05:17:43.890,2.17045,2.1717,1.10,1.10
2010.04.16 05:17:50.138,2.1704,2.1716,1.10,1.10
2010.04.16 05:17:55.429,2.1703,2.17155,1.10,1.10
2010.04.16 05:17:56.937,2.17025,2.1715,1.10,1.10
2010.04.16 05:18:09.063,2.1704,2.1716,1.10,1.10
2010.04.16 05:18:11.303,2.17045,2.17165,1.10,1.10
2010.04.16 05:18:16.102,2.1704,2.1716,1.10,1.10
2010.04.16 05:18:23.510,2.17045,2.1717,1.10,1.10
2010.04.16 05:18:55.693,2.1704,2.1716,1.10,1.10
2010.04.16 05:19:09.485,2.17045,2.1717,1.10,1.10
2010.04.16 05:19:10.039,2.17055,2.17175,1.10,1.10
2010.04.16 05:19:10.249,2.17055,2.1718,1.10,1.10
2010.04.16 05:19:10.459,2.1707,2.17195,1.10,1.10
2010.04.16 05:19:11.539,2.17065,2.1719,1.10,1.10
2010.04.16 05:19:11.978,2.1707,2.17195,1.10,1.10
2010.04.16 05:19:12.868,2.1708,2.172,1.10,1.10
2010.04.16 05:19:15.337,2.17075,2.17195,1.10,1.10
2010.04.16 05:19:16.608,2.17065,2.1719,1.10,1.10
2010.04.16 05:19:21.036,2.17075,2.17195,1.10,1.10
2010.04.16 05:19:23.096,2.1708,2.17205,1.10,1.10
2010.04.16 05:19:23.816,2.17075,2.17195,1.10,1.10
2010.04.16 05:19:39.094,2.1704,2.1716,1.10,1.10
2010.04.16 05:19:40.193,2.17045,2.1717,1.10,1.10
2010.04.16 05:19:41.265,2.1704,2.1716,1.10,1.10
2010.04.16 05:19:42.083,2.17045,2.1717,1.10,1.10
2010.04.16 05:19:44.381,2.1704,2.17165,1.10,1.10
2010.04.16 05:19:44.571,2.17045,2.1717,1.10,1.10
2010.04.16 05:19:48.090,2.1703,2.17155,1.10,1.10
2010.04.16 05:19:48.410,2.17045,2.1717,1.10,1.10
2010.04.16 05:19:49.166,2.1704,2.1716,1.10,1.10
2010.04.16 05:20:05.505,2.17045,2.1717,1.10,1.10
2010.04.16 05:20:05.956,2.1704,2.17165,1.10,1.10
2010.04.16 05:20:08.896,2.1703,2.17155,1.10,1.10
2010.04.16 05:20:09.035,2.17025,2.1715,1.10,1.10
2010.04.16 05:20:09.175,2.1703,2.17155,1.10,1.10
2010.04.16 05:20:10.675,2.17025,2.1715,1.10,1.10
2010.04.16 05:20:12.174,2.1704,2.17165,1.10,1.10
2010.04.16 05:20:13.615,2.17,2.17145,1.10,1.10
2010.04.16 05:20:14.295,2.16995,2.1712,1.10,1.10
2010.04.16 05:20:15.773,2.16995,2.17115,1.10,1.10
2010.04.16 05:20:26.091,2.1698,2.171,1.10,1.10
2010.04.16 05:20:33.929,2.16985,2.1711,1.10,1.10
2010.04.16 05:20:36.938,2.1698,2.171,1.10,1.10
2010.04.16 05:20:41.042,2.16975,2.171,1.10,1.10
2010.04.16 05:20:41.153,2.1697,2.17095,1.10,1.10
2010.04.16 05:20:41.967,2.1698,2.171,1.10,1.10
2010.04.16 05:20:42.488,2.1697,2.17095,1.10,1.10
2010.04.16 05:20:42.749,2.1698,2.171,1.10,1.10
2010.04.16 05:20:43.407,2.1697,2.17095,1.10,1.10
2010.04.16 05:21:03.382,2.1695,2.17075,1.10,1.10
2010.04.16 05:21:09.973,2.16955,2.17075,1.10,1.10
2010.04.16 05:21:11.090,2.1695,2.17075,1.10,1.10
2010.04.16 05:21:12.731,2.1696,2.1708,1.10,1.10
2010.04.16 05:21:16.688,2.16965,2.1709,1.10,1.10
2010.04.16 05:21:18.598,2.1695,2.17075,1.10,1.10
2010.04.16 05:21:18.808,2.1697,2.17095,1.10,1.10
2010.04.16 05:21:19.228,2.16965,2.1709,1.10,1.10
2010.04.16 05:21:19.808,2.1695,2.17075,1.10,1.10
2010.04.16 05:21:20.517,2.1697,2.17095,1.10,1.10
2010.04.16 05:21:20.619,2.16965,2.1709,1.10,1.10
2010.04.16 05:21:20.798,2.1696,2.1708,1.10,1.10
2010.04.16 05:21:22.018,2.1697,2.17095,1.10,1.10
2010.04.16 05:21:22.697,2.16965,2.1709,1.10,1.10
2010.04.16 05:21:23.937,2.1696,2.1708,1.10,1.10
2010.04.16 05:21:25.277,2.1695,2.17075,1.10,1.10
2010.04.16 05:21:25.516,2.1696,2.1708,1.10,1.10
2010.04.16 05:21:27.916,2.1695,2.17075,1.10,1.10
2010.04.16 05:21:32.725,2.16945,2.17065,1.10,1.10
2010.04.16 05:21:42.962,2.1695,2.17075,1.10,1.10
2010.04.16 05:21:51.170,2.16945,2.17065,1.10,1.10
2010.04.16 05:22:29.431,2.1695,2.17075,1.10,1.10
2010.04.16 05:22:41.609,2.1696,2.1708,1.10,1.10
2010.04.16 05:22:43.598,2.1697,2.17095,1.10,1.10
2010.04.16 05:22:47.990,2.16965,2.1709,1.10,1.10
2010.04.16 05:22:48.541,2.1696,2.1708,1.10,1.10
2010.04.16 05:22:50.266,2.1695,2.17075,1.10,1.10
2010.04.16 05:22:50.509,2.1696,2.1708,1.10,1.10
2010.04.16 05:22:51.890,2.16965,2.1709,1.10,1.10
2010.04.16 05:22:56.384,2.1697,2.17095,1.10,1.10
2010.04.16 05:23:11.860,2.1698,2.171,1.10,1.10
2010.04.16 05:23:13.041,2.16995,2.17115,1.10,1.10
2010.04.16 05:23:20.272,2.1699,2.17115,1.10,1.10
2010.04.16 05:23:20.560,2.16985,2.1711,1.10,1.10
2010.04.16 05:23:26.738,2.16995,2.17115,1.10,1.10
2010.04.16 05:23:31.917,2.1699,2.17115,1.10,1.10
2010.04.16 05:23:32.188,2.16995,2.17115,1.10,1.10
2010.04.16 05:23:41.248,2.17,2.17125,1.10,1.10
2010.04.16 05:24:01.139,2.16995,2.17115,1.10,1.10
2010.04.16 05:24:22.814,2.1701,2.17135,1.10,1.10
2010.04.16 05:24:29.012,2.16995,2.17115,1.10,1.10
2010.04.16 05:24:43.450,2.16985,2.1711,1.10,1.10
2010.04.16 05:25:01.557,2.16995,2.17115,1.10,1.10
2010.04.16 05:25:09.629,2.16985,2.1711,1.10,1.10
2010.04.16 05:25:11.334,2.16995,2.17115,1.10,1.10
2010.04.16 05:25:23.046,2.16985,2.1711,1.10,1.10
2010.04.16 05:25:58.700,2.17005,2.17125,1.10,1.10
2010.04.16 05:26:23.779,2.16985,2.1711,1.10,1.10
2010.04.16 05:26:35.722,2.16995,2.17115,1.10,1.10
2010.04.16 05:26:35.992,2.17,2.17125,1.10,1.10
2010.04.16 05:26:50.288,2.16995,2.17115,1.10,1.10
2010.04.16 05:27:31.441,2.16985,2.1711,1.10,1.10
2010.04.16 05:27:40.946,2.1698,2.171,1.10,1.10
2010.04.16 05:27:59.462,2.16985,2.1711,1.10,1.10
2010.04.16 05:28:00.991,2.1698,2.171,1.10,1.10
2010.04.16 05:28:02.872,2.16985,2.1711,1.10,1.10
2010.04.16 05:28:08.490,2.1698,2.171,1.10,1.10
2010.04.16 05:28:18.057,2.1697,2.17095,1.10,1.10
2010.04.16 05:28:23.916,2.1698,2.171,1.10,1.10
2010.04.16 05:28:26.368,2.1697,2.17095,1.10,1.10
2010.04.16 05:28:27.616,2.1696,2.17085,1.10,1.10
2010.04.16 05:28:27.945,2.1697,2.1709,1.10,1.10
2010.04.16 05:28:28.165,2.16975,2.17095,1.10,1.10
2010.04.16 05:28:28.891,2.1698,2.17105,1.10,1.10
2010.04.16 05:28:29.885,2.16985,2.1711,1.10,1.10
2010.04.16 05:28:33.197,2.1699,2.17115,1.10,1.10
2010.04.16 05:28:34.615,2.16985,2.17105,1.10,1.10
2010.04.16 05:28:34.894,2.16975,2.171,1.10,1.10
2010.04.16 05:28:37.952,2.1697,2.1709,1.10,1.10
2010.04.16 05:28:41.253,2.16975,2.171,1.10,1.10
2010.04.16 05:28:41.554,2.1697,2.1709,1.10,1.10
2010.04.16 05:28:42.321,2.16975,2.171,1.10,1.10
2010.04.16 05:28:43.821,2.1696,2.17085,1.10,1.10
2010.04.16 05:28:45.571,2.16965,2.1709,1.10,1.10
2010.04.16 05:28:46.611,2.1697,2.17095,1.10,1.10
2010.04.16 05:28:54.808,2.16955,2.1708,1.10,1.10
2010.04.16 05:28:55.010,2.16965,2.17085,1.10,1.10
2010.04.16 05:28:55.938,2.16955,2.1708,1.10,1.10
2010.04.16 05:29:03.806,2.1695,2.17075,1.10,1.10
2010.04.16 05:29:11.274,2.1692,2.1704,1.10,1.10
2010.04.16 05:29:11.394,2.1689,2.1701,1.10,1.10
2010.04.16 05:29:27.760,2.16905,2.17025,1.10,1.10
2010.04.16 05:29:31.331,2.16935,2.1706,1.10,1.10
2010.04.16 05:29:31.422,2.1695,2.17075,1.10,1.10
2010.04.16 05:29:50.738,2.16945,2.17065,1.10,1.10
2010.04.16 05:29:53.765,2.1695,2.17075,1.10,1.10
2010.04.16 05:29:58.833,2.1694,2.1706,1.10,1.10
2010.04.16 05:29:59.253,2.1693,2.17055,1.10,1.10
2010.04.16 05:30:06.002,2.16925,2.17045,1.10,1.10
2010.04.16 05:30:06.870,2.16985,2.17105,1.10,1.10
2010.04.16 05:30:07.218,2.1695,2.17075,1.10,1.10
2010.04.16 05:30:09.851,2.16965,2.1709,1.10,1.10
2010.04.16 05:30:12.740,2.16965,2.17085,1.10,1.10
2010.04.16 05:30:13.299,2.16965,2.1709,1.10,1.10
2010.04.16 05:30:13.609,2.16965,2.17085,1.10,1.10
2010.04.16 05:30:14.279,2.16965,2.1709,1.10,1.10
2010.04.16 05:30:15.360,2.1696,2.1708,1.10,1.10
2010.04.16 05:30:15.899,2.1695,2.17075,1.10,1.10
2010.04.16 05:30:16.294,2.1696,2.1708,1.10,1.10
2010.04.16 05:30:18.268,2.16955,2.1708,1.10,1.10
2010.04.16 05:30:20.388,2.16945,2.17065,1.10,1.10
2010.04.16 05:30:22.147,2.16945,2.1707,1.10,1.10
2010.04.16 05:30:22.794,2.16945,2.17065,1.10,1.10
2010.04.16 05:30:22.849,2.16955,2.1708,1.10,1.10
2010.04.16 05:30:24.417,2.16945,2.17065,1.10,1.10
2010.04.16 05:30:25.117,2.1693,2.1705,1.10,1.10
2010.04.16 05:30:26.116,2.1693,2.17055,1.10,1.10
2010.04.16 05:30:26.417,2.16965,2.17085,1.10,1.10
2010.04.16 05:30:27.594,2.1695,2.17075,1.10,1.10
2010.04.16 05:30:27.877,2.16945,2.17065,1.10,1.10
2010.04.16 05:30:28.166,2.16935,2.1706,1.10,1.10
2010.04.16 05:30:29.605,2.1693,2.1705,1.10,1.10
2010.04.16 05:30:31.396,2.1695,2.17075,1.10,1.10
2010.04.16 05:30:32.150,2.16955,2.1708,1.10,1.10
2010.04.16 05:30:34.809,2.1695,2.17075,1.10,1.10
2010.04.16 05:30:34.860,2.1695,2.1707,1.10,1.10
2010.04.16 05:30:34.906,2.1695,2.17075,1.10,1.10
2010.04.16 05:30:36.824,2.16955,2.1708,1.10,1.10
2010.04.16 05:30:37.084,2.16965,2.17085,1.10,1.10
2010.04.16 05:30:40.714,2.16955,2.1708,1.10,1.10
2010.04.16 05:30:45.516,2.16965,2.17085,1.10,1.10
2010.04.16 05:30:46.492,2.16955,2.17075,1.10,1.10
2010.04.16 05:30:48.392,2.16955,2.1708,1.10,1.10
2010.04.16 05:30:53.491,2.1695,2.1707,1.10,1.10
2010.04.16 05:30:53.910,2.1694,2.17065,1.10,1.10
2010.04.16 05:30:55.066,2.1697,2.17095,1.10,1.10
2010.04.16 05:30:57.102,2.1698,2.171,1.10,1.10
2010.04.16 05:30:57.169,2.17,2.17125,1.10,1.10
2010.04.16 05:30:57.449,2.1698,2.171,1.10,1.10
2010.04.16 05:30:58.768,2.16965,2.17085,1.10,1.10
2010.04.16 05:31:03.278,2.1698,2.171,1.10,1.10
2010.04.16 05:31:04.037,2.16965,2.17085,1.10,1.10
2010.04.16 05:31:11.027,2.16955,2.1708,1.10,1.10
2010.04.16 05:31:13.075,2.16965,2.17085,1.10,1.10
2010.04.16 05:31:14.375,2.1697,2.17095,1.10,1.10
2010.04.16 05:31:15.314,2.1698,2.171,1.10,1.10
2010.04.16 05:31:16.568,2.16985,2.1711,1.10,1.10
2010.04.16 05:31:16.864,2.1697,2.17095,1.10,1.10
2010.04.16 05:31:17.844,2.16965,2.17085,1.10,1.10
2010.04.16 05:31:21.323,2.1698,2.171,1.10,1.10
2010.04.16 05:31:27.091,2.1697,2.17095,1.10,1.10
2010.04.16 05:31:27.331,2.1696,2.1709,1.10,1.10
2010.04.16 05:31:30.981,2.16985,2.1711,1.10,1.10
2010.04.16 05:31:31.411,2.1699,2.17115,1.10,1.10
2010.04.16 05:31:43.737,2.16985,2.1711,1.10,1.10
2010.04.16 05:31:46.397,2.1699,2.17115,1.10,1.10
2010.04.16 05:32:01.122,2.17,2.17125,1.10,1.10
2010.04.16 05:32:02.019,2.1699,2.17115,1.10,1.10
2010.04.16 05:32:09.422,2.17,2.1712,1.10,1.10
2010.04.16 05:32:09.571,2.1699,2.17115,1.10,1.10
2010.04.16 05:32:23.419,2.17,2.1712,1.10,1.10
2010.04.16 05:32:23.589,2.1699,2.17115,1.10,1.10
2010.04.16 05:32:34.645,2.16985,2.1711,1.10,1.10
2010.04.16 05:32:39.871,2.1699,2.17115,1.10,1.10
2010.04.16 05:32:40.165,2.17005,2.1713,1.10,1.10
2010.04.16 05:32:40.823,2.17,2.1712,1.10,1.10
2010.04.16 05:32:45.843,2.1699,2.17115,1.10,1.10
2010.04.16 05:33:01.940,2.16985,2.1711,1.10,1.10
2010.04.16 05:33:07.547,2.1698,2.171,1.10,1.10
2010.04.16 05:33:08.228,2.1699,2.17115,1.10,1.10
2010.04.16 05:33:08.318,2.16985,2.1711,1.10,1.10
2010.04.16 05:33:58.815,2.16975,2.171,1.10,1.10
2010.04.16 05:33:59.547,2.16945,2.1707,1.10,1.10
2010.04.16 05:34:05.483,2.1694,2.1706,1.10,1.10
2010.04.16 05:34:14.651,2.1695,2.17075,1.10,1.10
2010.04.16 05:34:25.999,2.1696,2.1708,1.10,1.10
2010.04.16 05:34:26.568,2.1697,2.17095,1.10,1.10
2010.04.16 05:34:27.229,2.1699,2.1711,1.10,1.10
2010.04.16 05:34:45.415,2.17005,2.17125,1.10,1.10
2010.04.16 05:34:47.114,2.1702,2.1714,1.10,1.10
2010.04.16 05:34:48.873,2.17035,2.17155,1.10,1.10
2010.04.16 05:34:49.214,2.1702,2.1714,1.10,1.10
2010.04.16 05:34:50.084,2.17005,2.17125,1.10,1.10
2010.04.16 05:34:53.183,2.1699,2.1711,1.10,1.10
2010.04.16 05:35:04.279,2.16995,2.1712,1.10,1.10
2010.04.16 05:35:13.517,2.1701,2.17135,1.10,1.10
2010.04.16 05:35:17.579,2.1702,2.1714,1.10,1.10
2010.04.16 05:35:24.213,2.1702,2.17145,1.10,1.10
2010.04.16 05:35:25.115,2.1702,2.1714,1.10,1.10
2010.04.16 05:35:26.455,2.17035,2.17155,1.10,1.10
2010.04.16 05:35:38.641,2.17045,2.1717,1.10,1.10
2010.04.16 05:35:45.845,2.17025,2.1715,1.10,1.10
2010.04.16 05:35:46.251,2.17035,2.17155,1.10,1.10
2010.04.16 05:35:53.948,2.1704,2.1716,1.10,1.10
2010.04.16 05:36:09.444,2.17035,2.17155,1.10,1.10
2010.04.16 05:36:13.843,2.1704,2.1716,1.10,1.10
2010.04.16 05:36:14.713,2.1704,2.17165,1.10,1.10
2010.04.16 05:36:21.734,2.17035,2.17155,1.10,1.10
2010.04.16 05:36:27.099,2.1704,2.17165,1.10,1.10
2010.04.16 05:36:29.629,2.17035,2.17155,1.10,1.10
2010.04.16 05:36:40.967,2.1702,2.1714,1.10,1.10
2010.04.16 05:36:41.296,2.17035,2.17155,1.10,1.10
2010.04.16 05:36:42.777,2.1704,2.1716,1.10,1.10
2010.04.16 05:36:43.416,2.17035,2.17155,1.10,1.10
2010.04.16 05:36:48.125,2.17025,2.1715,1.10,1.10
2010.04.16 05:36:50.554,2.17035,2.17155,1.10,1.10
2010.04.16 05:36:50.994,2.17035,2.1716,1.10,1.10
2010.04.16 05:36:51.787,2.17035,2.17155,1.10,1.10
2010.04.16 05:37:19.547,2.1706,2.17185,1.10,1.10
2010.04.16 05:37:19.707,2.1704,2.17165,1.10,1.10
2010.04.16 05:37:20.088,2.17035,2.17155,1.10,1.10
2010.04.16 05:37:22.178,2.1706,2.17185,1.10,1.10
2010.04.16 05:37:22.994,2.17065,2.1719,1.10,1.10
2010.04.16 05:37:23.338,2.1707,2.1719,1.10,1.10
2010.04.16 05:37:24.021,2.17055,2.1718,1.10,1.10
2010.04.16 05:37:24.336,2.17045,2.1717,1.10,1.10
2010.04.16 05:37:27.526,2.1706,2.17185,1.10,1.10
2010.04.16 05:37:27.845,2.1707,2.1719,1.10,1.10
2010.04.16 05:37:28.735,2.17055,2.1718,1.10,1.10
2010.04.16 05:37:29.065,2.17045,2.1717,1.10,1.10
2010.04.16 05:37:47.511,2.17085,2.17205,1.10,1.10
2010.04.16 05:37:47.790,2.17075,2.172,1.10,1.10
2010.04.16 05:37:47.930,2.17085,2.17205,1.10,1.10
2010.04.16 05:37:48.490,2.1707,2.1719,1.10,1.10
2010.04.16 05:37:48.710,2.17055,2.1718,1.10,1.10
2010.04.16 05:37:50.030,2.1706,2.17185,1.10,1.10
2010.04.16 05:37:56.328,2.17075,2.172,1.10,1.10
2010.04.16 05:37:56.728,2.17085,2.17205,1.10,1.10
2010.04.16 05:38:00.517,2.1707,2.1719,1.10,1.10
2010.04.16 05:38:00.967,2.1706,2.17185,1.10,1.10
2010.04.16 05:38:01.637,2.17055,2.1718,1.10,1.10
2010.04.16 05:38:04.786,2.17075,2.172,1.10,1.10
2010.04.16 05:38:05.867,2.17085,2.17205,1.10,1.10
2010.04.16 05:38:07.705,2.1707,2.1719,1.10,1.10
2010.04.16 05:38:08.441,2.17055,2.1718,1.10,1.10
2010.04.16 05:38:08.545,2.1705,2.1717,1.10,1.10
2010.04.16 05:38:09.585,2.17055,2.1718,1.10,1.10
2010.04.16 05:38:11.734,2.1707,2.1719,1.10,1.10
2010.04.16 05:38:14.203,2.1707,2.17195,1.10,1.10
2010.04.16 05:38:14.484,2.1707,2.1719,1.10,1.10
2010.04.16 05:38:17.053,2.17085,2.17205,1.10,1.10
2010.04.16 05:38:22.042,2.17055,2.172,1.10,1.10
2010.04.16 05:38:24.482,2.17045,2.17185,1.10,1.10
2010.04.16 05:38:24.821,2.1704,2.1716,1.10,1.10
2010.04.16 05:38:27.691,2.1707,2.17195,1.10,1.10
2010.04.16 05:38:28.563,2.1708,2.172,1.10,1.10
2010.04.16 05:38:30.971,2.1707,2.17195,1.10,1.10
2010.04.16 05:38:33.690,2.1708,2.17205,1.10,1.10
2010.04.16 05:38:34.604,2.17085,2.1721,1.10,1.10
2010.04.16 05:38:37.059,2.1709,2.17235,1.10,1.10
2010.04.16 05:38:37.318,2.17085,2.1721,1.10,1.10
2010.04.16 05:38:41.697,2.1708,2.17205,1.10,1.10
2010.04.16 05:38:41.858,2.17095,2.1722,1.10,1.10
2010.04.16 05:38:43.717,2.17105,2.17225,1.10,1.10
2010.04.16 05:38:59.794,2.1708,2.17205,1.10,1.10
2010.04.16 05:39:00.454,2.17065,2.1719,1.10,1.10
2010.04.16 05:39:00.572,2.17075,2.172,1.10,1.10
2010.04.16 05:39:01.432,2.17065,2.1719,1.10,1.10
2010.04.16 05:39:02.299,2.17075,2.172,1.10,1.10
2010.04.16 05:39:02.522,2.1708,2.17205,1.10,1.10
2010.04.16 05:39:03.042,2.1709,2.1721,1.10,1.10
2010.04.16 05:39:03.302,2.17075,2.172,1.10,1.10
2010.04.16 05:39:05.251,2.1707,2.17195,1.10,1.10
2010.04.16 05:39:06.712,2.17075,2.172,1.10,1.10
2010.04.16 05:39:06.801,2.1707,2.17195,1.10,1.10
2010.04.16 05:39:07.341,2.17065,2.17185,1.10,1.10
2010.04.16 05:39:08.103,2.1705,2.1717,1.10,1.10
2010.04.16 05:39:08.421,2.1704,2.17165,1.10,1.10
2010.04.16 05:39:09.791,2.1705,2.1717,1.10,1.10
2010.04.16 05:39:10.111,2.1704,2.17165,1.10,1.10
2010.04.16 05:39:10.430,2.17065,2.17185,1.10,1.10
2010.04.16 05:39:11.690,2.17075,2.172,1.10,1.10
2010.04.16 05:39:11.830,2.1708,2.17205,1.10,1.10
2010.04.16 05:39:13.390,2.17075,2.172,1.10,1.10
2010.04.16 05:39:19.459,2.1708,2.17205,1.10,1.10
2010.04.16 05:39:19.638,2.1709,2.1721,1.10,1.10
2010.04.16 05:39:20.158,2.17095,2.1722,1.10,1.10
2010.04.16 05:39:20.903,2.1709,2.1721,1.10,1.10
2010.04.16 05:39:33.216,2.1706,2.17185,1.10,1.10
2010.04.16 05:39:33.825,2.1703,2.17155,1.10,1.10
2010.04.16 05:39:34.065,2.17035,2.1718,1.10,1.10
2010.04.16 05:39:34.304,2.1703,2.17155,1.10,1.10
2010.04.16 05:39:34.544,2.17035,2.1718,1.10,1.10
2010.04.16 05:39:35.124,2.1704,2.17185,1.10,1.10
2010.04.16 05:39:35.987,2.1702,2.1716,1.10,1.10
2010.04.16 05:39:37.717,2.1706,2.1718,1.10,1.10
2010.04.16 05:39:38.254,2.17045,2.17165,1.10,1.10
2010.04.16 05:39:40.443,2.1705,2.17175,1.10,1.10
2010.04.16 05:39:41.823,2.17035,2.1716,1.10,1.10
2010.04.16 05:39:43.982,2.1705,2.17175,1.10,1.10
2010.04.16 05:39:45.812,2.1706,2.1718,1.10,1.10
2010.04.16 05:39:46.831,2.17045,2.17165,1.10,1.10
2010.04.16 05:39:47.541,2.1703,2.1715,1.10,1.10
2010.04.16 05:39:49.221,2.17035,2.1716,1.10,1.10
2010.04.16 05:39:52.070,2.1701,2.1713,1.10,1.10
2010.04.16 05:39:52.490,2.17015,2.1714,1.10,1.10
2010.04.16 05:39:53.351,2.1701,2.1713,1.10,1.10
2010.04.16 05:39:55.101,2.17015,2.1714,1.10,1.10
2010.04.16 05:39:55.339,2.1701,2.1713,1.10,1.10
2010.04.16 05:39:55.819,2.17015,2.1714,1.10,1.10
2010.04.16 05:39:57.050,2.1701,2.1713,1.10,1.10
2010.04.16 05:39:58.919,2.17,2.17125,1.10,1.10
2010.04.16 05:40:10.406,2.17015,2.1714,1.10,1.10
2010.04.16 05:40:15.034,2.17,2.17125,1.10,1.10
2010.04.16 05:40:17.024,2.1701,2.1713,1.10,1.10
2010.04.16 05:40:17.504,2.17025,2.17145,1.10,1.10
2010.04.16 05:40:24.345,2.17,2.1713,1.10,1.10
2010.04.16 05:40:24.453,2.17015,2.1714,1.10,1.10
2010.04.16 05:40:28.051,2.17025,2.17145,1.10,1.10
2010.04.16 05:40:32.222,2.1704,2.17165,1.10,1.10
2010.04.16 05:41:40.314,2.1703,2.17155,1.10,1.10
2010.04.16 05:41:46.320,2.1704,2.17165,1.10,1.10
2010.04.16 05:42:01.569,2.1703,2.17155,1.10,1.10
2010.04.16 05:42:06.168,2.17025,2.1715,1.10,1.10
2010.04.16 05:42:13.864,2.1703,2.17155,1.10,1.10
2010.04.16 05:42:15.885,2.17025,2.1715,1.10,1.10
2010.04.16 05:42:15.970,2.1703,2.17155,1.10,1.10
2010.04.16 05:42:18.046,2.1704,2.17165,1.10,1.10
2010.04.16 05:42:18.655,2.1703,2.17155,1.10,1.10
2010.04.16 05:42:18.914,2.17045,2.1717,1.10,1.10
2010.04.16 05:42:19.436,2.1703,2.17155,1.10,1.10
2010.04.16 05:42:20.904,2.17025,2.1715,1.10,1.10
2010.04.16 05:42:21.254,2.1703,2.17155,1.10,1.10
2010.04.16 05:42:22.857,2.17025,2.1715,1.10,1.10
2010.04.16 05:42:37.680,2.1702,2.1714,1.10,1.10
2010.04.16 05:42:38.050,2.17025,2.1715,1.10,1.10
2010.04.16 05:42:38.200,2.1702,2.1714,1.10,1.10
2010.04.16 05:42:43.449,2.17035,2.17155,1.10,1.10
2010.04.16 05:43:07.323,2.17025,2.1715,1.10,1.10
2010.04.16 05:43:08.739,2.1703,2.17155,1.10,1.10
2010.04.16 05:43:08.834,2.17025,2.1715,1.10,1.10
2010.04.16 05:43:10.062,2.1702,2.17145,1.10,1.10
2010.04.16 05:43:11.352,2.17025,2.1715,1.10,1.10
2010.04.16 05:43:12.132,2.1702,2.17145,1.10,1.10
2010.04.16 05:43:16.297,2.1701,2.17135,1.10,1.10
2010.04.16 05:43:16.481,2.1702,2.17145,1.10,1.10
2010.04.16 05:43:16.621,2.1701,2.17135,1.10,1.10
2010.04.16 05:43:18.410,2.17005,2.1713,1.10,1.10
2010.04.16 05:43:19.090,2.1701,2.17135,1.10,1.10
2010.04.16 05:43:20.111,2.17005,2.1713,1.10,1.10
2010.04.16 05:43:24.889,2.1701,2.17135,1.10,1.10
2010.04.16 05:43:25.069,2.17005,2.1713,1.10,1.10
2010.04.16 05:43:35.836,2.1702,2.1714,1.10,1.10
2010.04.16 05:43:36.936,2.17005,2.17125,1.10,1.10
2010.04.16 05:43:39.496,2.1697,2.17095,1.10,1.10
2010.04.16 05:43:41.715,2.1696,2.17085,1.10,1.10
2010.04.16 05:43:42.594,2.16975,2.171,1.10,1.10
2010.04.16 05:43:43.245,2.1696,2.17085,1.10,1.10
2010.04.16 05:43:44.924,2.16945,2.1707,1.10,1.10
2010.04.16 05:43:48.564,2.1693,2.1705,1.10,1.10
2010.04.16 05:43:48.903,2.16945,2.1707,1.10,1.10
2010.04.16 05:43:51.053,2.16935,2.1706,1.10,1.10
2010.04.16 05:43:51.332,2.16945,2.1707,1.10,1.10
2010.04.16 05:44:10.857,2.16935,2.1706,1.10,1.10
2010.04.16 05:44:12.543,2.16935,2.17055,1.10,1.10
2010.04.16 05:44:16.201,2.16935,2.1706,1.10,1.10
2010.04.16 05:44:20.018,2.16935,2.17055,1.10,1.10
2010.04.16 05:44:21.905,2.16965,2.17085,1.10,1.10
2010.04.16 05:44:22.155,2.1694,2.1711,1.10,1.10
2010.04.16 05:44:29.583,2.16935,2.171,1.10,1.10
2010.04.16 05:44:30.527,2.16955,2.1712,1.10,1.10
2010.04.16 05:44:30.870,2.16935,2.171,1.10,1.10
2010.04.16 05:44:31.204,2.16925,2.1709,1.10,1.10
2010.04.16 05:44:35.452,2.16925,2.17095,1.10,1.10
2010.04.16 05:44:36.272,2.16935,2.171,1.10,1.10
2010.04.16 05:44:38.381,2.16925,2.1709,1.10,1.10
2010.04.16 05:44:39.174,2.1691,2.17075,1.10,1.10
2010.04.16 05:44:39.362,2.16905,2.1707,1.10,1.10
2010.04.16 05:44:40.501,2.1693,2.17075,1.10,1.10
2010.04.16 05:44:48.245,2.16955,2.1708,1.10,1.10
2010.04.16 05:44:49.039,2.1697,2.17095,1.10,1.10
2010.04.16 05:44:51.594,2.1697,2.1709,1.10,1.10
2010.04.16 05:44:57.877,2.1697,2.17095,1.10,1.10
2010.04.16 05:44:59.371,2.1698,2.171,1.10,1.10
2010.04.16 05:44:59.389,2.16985,2.1711,1.10,1.10
2010.04.16 05:44:59.407,2.1698,2.171,1.10,1.10
2010.04.16 05:45:02.156,2.1698,2.17105,1.10,1.10
2010.04.16 05:45:07.244,2.16975,2.171,1.10,1.10
2010.04.16 05:45:08.420,2.1697,2.17095,1.10,1.10
2010.04.16 05:45:08.565,2.1698,2.171,1.10,1.10
2010.04.16 05:45:17.932,2.16975,2.171,1.10,1.10
2010.04.16 05:45:18.092,2.1698,2.171,1.10,1.10
2010.04.16 05:45:32.408,2.1698,2.17105,1.10,1.10
2010.04.16 05:45:32.648,2.16975,2.17095,1.10,1.10
2010.04.16 05:46:36.244,2.1696,2.17085,1.10,1.10
2010.04.16 05:46:39.212,2.1697,2.17095,1.10,1.10
2010.04.16 05:46:40.633,2.16985,2.1711,1.10,1.10
2010.04.16 05:46:42.714,2.1698,2.171,1.10,1.10
2010.04.16 05:46:44.128,2.1697,2.17095,1.10,1.10
2010.04.16 05:47:12.634,2.16975,2.171,1.10,1.10
2010.04.16 05:47:15.813,2.1697,2.17095,1.10,1.10
2010.04.16 05:47:16.614,2.16965,2.1709,1.10,1.10
2010.04.16 05:47:19.187,2.16975,2.171,1.10,1.10
2010.04.16 05:47:20.403,2.1693,2.1705,1.10,1.10
2010.04.16 05:47:20.744,2.16895,2.1704,1.10,1.10
2010.04.16 05:47:21.085,2.169,2.17065,1.10,1.10
2010.04.16 05:47:24.182,2.16905,2.1707,1.10,1.10
2010.04.16 05:47:25.070,2.169,2.17065,1.10,1.10
2010.04.16 05:47:25.943,2.1689,2.1706,1.10,1.10
2010.04.16 05:47:26.281,2.16895,2.1706,1.10,1.10
2010.04.16 05:47:35.149,2.1689,2.1706,1.10,1.10
2010.04.16 05:47:35.959,2.1688,2.1705,1.10,1.10
2010.04.16 05:47:38.118,2.1688,2.17045,1.10,1.10
2010.04.16 05:47:38.360,2.1691,2.17055,1.10,1.10
2010.04.16 05:47:39.709,2.16905,2.1705,1.10,1.10
2010.04.16 05:47:40.548,2.169,2.17045,1.10,1.10
2010.04.16 05:47:43.767,2.1689,2.17035,1.10,1.10
2010.04.16 05:47:43.927,2.16895,2.1704,1.10,1.10
2010.04.16 05:48:03.952,2.169,2.17045,1.10,1.10
2010.04.16 05:48:04.476,2.16895,2.1704,1.10,1.10
2010.04.16 05:48:05.642,2.169,2.17045,1.10,1.10
2010.04.16 05:48:06.563,2.16895,2.1704,1.10,1.10
2010.04.16 05:48:15.829,2.169,2.17045,1.10,1.10
2010.04.16 05:48:16.997,2.16895,2.1704,1.10,1.10
2010.04.16 05:48:17.304,2.1689,2.17035,1.10,1.10
2010.04.16 05:48:17.579,2.16895,2.1704,1.10,1.10
2010.04.16 05:48:22.626,2.16885,2.1703,1.10,1.10
2010.04.16 05:48:30.045,2.1688,2.17025,1.10,1.10
2010.04.16 05:48:31.486,2.16875,2.1702,1.10,1.10
2010.04.16 05:48:37.365,2.16855,2.17,1.10,1.10
2010.04.16 05:48:37.650,2.1687,2.17015,1.10,1.10
2010.04.16 05:48:37.856,2.16855,2.17,1.10,1.10
2010.04.16 05:48:38.577,2.1686,2.17005,1.10,1.10
2010.04.16 05:48:38.644,2.16865,2.1701,1.10,1.10
2010.04.16 05:48:38.983,2.1686,2.17005,1.10,1.10
2010.04.16 05:48:39.323,2.16865,2.1701,1.10,1.10
2010.04.16 05:48:40.159,2.1687,2.17015,1.10,1.10
2010.04.16 05:48:40.294,2.16905,2.17025,1.10,1.10
2010.04.16 05:48:40.557,2.16905,2.1703,1.10,1.10
2010.04.16 05:48:40.694,2.16905,2.17025,1.10,1.10
2010.04.16 05:48:41.083,2.16895,2.1702,1.10,1.10
2010.04.16 05:48:44.465,2.16855,2.17,1.10,1.10
2010.04.16 05:48:44.774,2.16885,2.1701,1.10,1.10
2010.04.16 05:48:45.781,2.16895,2.1702,1.10,1.10
2010.04.16 05:48:47.511,2.1691,2.17035,1.10,1.10
2010.04.16 05:48:48.621,2.16895,2.1702,1.10,1.10
2010.04.16 05:48:49.402,2.1691,2.1703,1.10,1.10
2010.04.16 05:49:01.478,2.16895,2.1702,1.10,1.10
2010.04.16 05:49:01.668,2.1689,2.1701,1.10,1.10
2010.04.16 05:49:01.859,2.16895,2.1702,1.10,1.10
2010.04.16 05:49:05.001,2.1689,2.1701,1.10,1.10
2010.04.16 05:49:06.898,2.1688,2.17005,1.10,1.10
2010.04.16 05:49:13.336,2.16865,2.16985,1.10,1.10
2010.04.16 05:49:17.124,2.16855,2.1698,1.10,1.10
2010.04.16 05:49:17.268,2.1688,2.17005,1.10,1.10
2010.04.16 05:49:23.552,2.16875,2.17,1.10,1.10
2010.04.16 05:49:23.812,2.1688,2.17005,1.10,1.10
2010.04.16 05:49:28.413,2.1689,2.1701,1.10,1.10
2010.04.16 05:49:40.169,2.1688,2.17,1.10,1.10
2010.04.16 05:49:44.108,2.1688,2.17005,1.10,1.10
2010.04.16 05:49:49.485,2.1689,2.1701,1.10,1.10
2010.04.16 05:49:53.546,2.1688,2.17005,1.10,1.10
2010.04.16 05:50:10.401,2.16875,2.17,1.10,1.10
2010.04.16 05:50:10.821,2.1688,2.17005,1.10,1.10
2010.04.16 05:50:14.190,2.16885,2.17005,1.10,1.10
2010.04.16 05:50:19.870,2.1688,2.17005,1.10,1.10
2010.04.16 05:50:30.686,2.1689,2.1701,1.10,1.10
2010.04.16 05:50:32.487,2.1688,2.17005,1.10,1.10
2010.04.16 05:50:34.385,2.1689,2.17015,1.10,1.10
2010.04.16 05:50:41.590,2.1688,2.17005,1.10,1.10
2010.04.16 05:51:06.838,2.16875,2.17,1.10,1.10
2010.04.16 05:51:09.285,2.16885,2.17005,1.10,1.10
2010.04.16 05:51:09.400,2.16875,2.17,1.10,1.10
2010.04.16 05:51:57.936,2.16885,2.17005,1.10,1.10
2010.04.16 05:51:59.665,2.1688,2.17005,1.10,1.10
2010.04.16 05:51:59.905,2.16875,2.17,1.10,1.10
2010.04.16 05:52:05.984,2.16885,2.17005,1.10,1.10
2010.04.16 05:52:07.064,2.16875,2.17,1.10,1.10
2010.04.16 05:52:10.299,2.16885,2.17005,1.10,1.10
2010.04.16 05:52:14.921,2.1687,2.1699,1.10,1.10
2010.04.16 05:52:15.121,2.16855,2.16975,1.10,1.10
2010.04.16 05:52:25.489,2.1687,2.1699,1.10,1.10
2010.04.16 05:52:32.347,2.1688,2.17005,1.10,1.10
2010.04.16 05:52:34.862,2.1687,2.16995,1.10,1.10
2010.04.16 05:52:42.355,2.16855,2.1698,1.10,1.10
2010.04.16 05:52:45.298,2.1686,2.16985,1.10,1.10
2010.04.16 05:52:47.426,2.1687,2.16995,1.10,1.10
2010.04.16 05:52:52.972,2.1686,2.16985,1.10,1.10
2010.04.16 05:53:02.310,2.1688,2.17,1.10,1.10
2010.04.16 05:53:05.670,2.1686,2.1699,1.10,1.10
2010.04.16 05:53:05.769,2.1687,2.16995,1.10,1.10
2010.04.16 05:53:06.709,2.16865,2.1699,1.10,1.10
2010.04.16 05:53:12.557,2.1687,2.16995,1.10,1.10
2010.04.16 05:53:52.368,2.16865,2.1699,1.10,1.10
2010.04.16 05:54:14.782,2.1686,2.1698,1.10,1.10
2010.04.16 05:54:15.142,2.16865,2.1699,1.10,1.10
2010.04.16 05:54:35.411,2.1686,2.1698,1.10,1.10
2010.04.16 05:54:35.527,2.16875,2.16995,1.10,1.10
2010.04.16 05:54:48.484,2.1689,2.1701,1.10,1.10
2010.04.16 05:55:14.429,2.16875,2.16995,1.10,1.10
2010.04.16 05:55:17.568,2.1689,2.1701,1.10,1.10
2010.04.16 05:55:30.155,2.1688,2.17005,1.10,1.10
2010.04.16 05:55:32.264,2.16895,2.1702,1.10,1.10
2010.04.16 05:55:33.353,2.16905,2.17025,1.10,1.10
2010.04.16 05:55:33.574,2.16895,2.1702,1.10,1.10
2010.04.16 05:55:34.243,2.16905,2.17025,1.10,1.10
2010.04.16 05:55:34.463,2.16895,2.1702,1.10,1.10
2010.04.16 05:55:35.473,2.1689,2.17015,1.10,1.10
2010.04.16 05:55:36.773,2.1692,2.17045,1.10,1.10
2010.04.16 05:55:39.932,2.16935,2.1706,1.10,1.10
2010.04.16 05:55:40.092,2.1692,2.17045,1.10,1.10
2010.04.16 05:55:45.971,2.1693,2.1705,1.10,1.10
2010.04.16 05:55:46.700,2.16925,2.17045,1.10,1.10
2010.04.16 05:55:47.435,2.16905,2.1703,1.10,1.10
2010.04.16 05:55:47.750,2.169,2.1702,1.10,1.10
2010.04.16 05:55:47.910,2.16895,2.1702,1.10,1.10
2010.04.16 05:55:52.079,2.169,2.17025,1.10,1.10
2010.04.16 05:55:54.059,2.16885,2.1701,1.10,1.10
2010.04.16 05:55:54.418,2.1687,2.16995,1.10,1.10
2010.04.16 05:55:55.339,2.16865,2.16985,1.10,1.10
2010.04.16 05:55:55.639,2.1687,2.16995,1.10,1.10
2010.04.16 05:55:56.238,2.16865,2.16985,1.10,1.10
2010.04.16 05:55:57.498,2.16885,2.1701,1.10,1.10
2010.04.16 05:55:57.947,2.1684,2.1697,1.10,1.10
2010.04.16 05:55:58.248,2.1683,2.16955,1.10,1.10
2010.04.16 05:55:58.944,2.1683,2.1695,1.10,1.10
2010.04.16 05:55:59.282,2.16825,2.16945,1.10,1.10
2010.04.16 05:55:59.620,2.1683,2.16955,1.10,1.10
2010.04.16 05:56:03.067,2.16825,2.1696,1.10,1.10
2010.04.16 05:56:03.287,2.1683,2.16955,1.10,1.10
2010.04.16 05:56:03.506,2.16825,2.1695,1.10,1.10
2010.04.16 05:56:03.727,2.16825,2.16945,1.10,1.10
2010.04.16 05:56:10.575,2.1683,2.1695,1.10,1.10
2010.04.16 05:56:10.885,2.16845,2.16965,1.10,1.10
2010.04.16 05:56:11.505,2.1683,2.16955,1.10,1.10
2010.04.16 05:56:12.261,2.1683,2.1695,1.10,1.10
2010.04.16 05:56:13.444,2.1682,2.16945,1.10,1.10
2010.04.16 05:56:13.764,2.16835,2.1696,1.10,1.10
2010.04.16 05:56:14.273,2.16845,2.16965,1.10,1.10
2010.04.16 05:56:15.943,2.1683,2.1695,1.10,1.10
2010.04.16 05:56:16.183,2.1682,2.16945,1.10,1.10
2010.04.16 05:56:19.303,2.1683,2.1695,1.10,1.10
2010.04.16 05:56:20.882,2.16815,2.1694,1.10,1.10
2010.04.16 05:56:25.405,2.16795,2.16915,1.10,1.10
2010.04.16 05:56:27.257,2.16785,2.1691,1.10,1.10
2010.04.16 05:56:27.361,2.16795,2.16915,1.10,1.10
2010.04.16 05:56:27.580,2.16785,2.1691,1.10,1.10
2010.04.16 05:56:28.130,2.1678,2.16905,1.10,1.10
2010.04.16 05:56:29.518,2.16785,2.1691,1.10,1.10
2010.04.16 05:56:29.802,2.16765,2.1689,1.10,1.10
2010.04.16 05:56:30.783,2.1676,2.16885,1.10,1.10
2010.04.16 05:56:31.050,2.1676,2.1688,1.10,1.10
2010.04.16 05:56:31.589,2.1675,2.16875,1.10,1.10
2010.04.16 05:56:32.290,2.16745,2.1687,1.10,1.10
2010.04.16 05:56:35.099,2.16735,2.16855,1.10,1.10
2010.04.16 05:56:35.329,2.1674,2.1686,1.10,1.10
2010.04.16 05:56:36.383,2.1673,2.16855,1.10,1.10
2010.04.16 05:56:40.058,2.1674,2.1686,1.10,1.10
2010.04.16 05:56:40.697,2.16745,2.1687,1.10,1.10
2010.04.16 05:56:40.928,2.1674,2.1686,1.10,1.10
2010.04.16 05:56:41.158,2.16735,2.1686,1.10,1.10
2010.04.16 05:56:41.387,2.1674,2.16865,1.10,1.10
2010.04.16 05:56:42.348,2.16735,2.1686,1.10,1.10
2010.04.16 05:56:43.507,2.16735,2.16855,1.10,1.10
2010.04.16 05:56:45.607,2.16725,2.1685,1.10,1.10
2010.04.16 05:56:48.096,2.1673,2.16855,1.10,1.10
2010.04.16 05:56:49.633,2.1674,2.1686,1.10,1.10
2010.04.16 05:56:50.741,2.1673,2.16855,1.10,1.10
2010.04.16 05:56:51.025,2.1674,2.1686,1.10,1.10
2010.04.16 05:56:51.585,2.1673,2.16855,1.10,1.10
2010.04.16 05:56:51.865,2.1674,2.1686,1.10,1.10
2010.04.16 05:56:52.786,2.1675,2.16875,1.10,1.10
2010.04.16 05:56:53.125,2.1673,2.16855,1.10,1.10
2010.04.16 05:56:54.654,2.1672,2.1684,1.10,1.10
2010.04.16 05:57:01.006,2.1674,2.16865,1.10,1.10
2010.04.16 05:57:02.872,2.16735,2.16855,1.10,1.10
2010.04.16 05:57:03.292,2.1674,2.16865,1.10,1.10
2010.04.16 05:57:03.522,2.16735,2.16855,1.10,1.10
2010.04.16 05:57:06.651,2.16735,2.1686,1.10,1.10
2010.04.16 05:57:06.881,2.1674,2.16865,1.10,1.10
2010.04.16 05:57:13.749,2.16735,2.1686,1.10,1.10
2010.04.16 05:57:14.859,2.16735,2.16855,1.10,1.10
2010.04.16 05:57:23.420,2.16745,2.1687,1.10,1.10
2010.04.16 05:57:23.637,2.1674,2.1686,1.10,1.10
2010.04.16 05:57:24.209,2.16745,2.1687,1.10,1.10
2010.04.16 05:57:25.879,2.1676,2.16885,1.10,1.10
2010.04.16 05:57:26.010,2.16755,2.16875,1.10,1.10
2010.04.16 05:57:26.267,2.16745,2.1687,1.10,1.10
2010.04.16 05:57:26.527,2.1674,2.16865,1.10,1.10
2010.04.16 05:57:31.895,2.16735,2.16855,1.10,1.10
2010.04.16 05:57:32.625,2.16745,2.1687,1.10,1.10
2010.04.16 05:57:32.715,2.16755,2.16875,1.10,1.10
2010.04.16 05:57:33.254,2.1676,2.16885,1.10,1.10
2010.04.16 05:57:34.224,2.1675,2.1687,1.10,1.10
2010.04.16 05:57:37.094,2.16745,2.1687,1.10,1.10
2010.04.16 05:57:37.730,2.16735,2.16855,1.10,1.10
2010.04.16 05:57:37.977,2.1671,2.16835,1.10,1.10
2010.04.16 05:57:41.723,2.1672,2.1684,1.10,1.10
2010.04.16 05:57:50.684,2.1671,2.16835,1.10,1.10
2010.04.16 05:57:51.126,2.1672,2.1684,1.10,1.10
2010.04.16 05:57:52.140,2.16725,2.1685,1.10,1.10
2010.04.16 05:57:52.481,2.1672,2.1684,1.10,1.10
2010.04.16 05:57:53.335,2.1671,2.16835,1.10,1.10
2010.04.16 05:57:55.665,2.1672,2.1684,1.10,1.10
2010.04.16 05:57:56.771,2.1671,2.16835,1.10,1.10
2010.04.16 05:57:57.840,2.1672,2.1684,1.10,1.10
2010.04.16 05:57:58.730,2.167,2.1682,1.10,1.10
2010.04.16 05:58:00.588,2.1669,2.1681,1.10,1.10
2010.04.16 05:58:01.274,2.16695,2.1682,1.10,1.10
2010.04.16 05:58:01.459,2.16725,2.1685,1.10,1.10
2010.04.16 05:58:01.648,2.16735,2.16855,1.10,1.10
2010.04.16 05:58:02.898,2.16725,2.1685,1.10,1.10
2010.04.16 05:58:05.568,2.1672,2.16845,1.10,1.10
2010.04.16 05:58:06.383,2.16705,2.1683,1.10,1.10
2010.04.16 05:58:06.658,2.1672,2.16845,1.10,1.10
2010.04.16 05:58:08.030,2.167,2.1682,1.10,1.10
2010.04.16 05:58:08.337,2.1669,2.1681,1.10,1.10
2010.04.16 05:58:08.643,2.16695,2.1682,1.10,1.10
2010.04.16 05:58:09.489,2.1669,2.1681,1.10,1.10
2010.04.16 05:58:10.506,2.16695,2.1682,1.10,1.10
2010.04.16 05:58:12.365,2.1668,2.16805,1.10,1.10
2010.04.16 05:58:14.515,2.167,2.1682,1.10,1.10
2010.04.16 05:58:16.744,2.16685,2.16805,1.10,1.10
2010.04.16 05:58:19.705,2.1669,2.1681,1.10,1.10
2010.04.16 05:58:24.644,2.16695,2.1682,1.10,1.10
2010.04.16 05:58:25.743,2.16685,2.16805,1.10,1.10
2010.04.16 05:58:26.082,2.1669,2.16815,1.10,1.10
2010.04.16 05:58:27.032,2.1669,2.1681,1.10,1.10
2010.04.16 05:58:28.977,2.1668,2.16805,1.10,1.10
2010.04.16 05:58:29.741,2.1669,2.1681,1.10,1.10
2010.04.16 05:58:30.901,2.16675,2.168,1.10,1.10
2010.04.16 05:58:31.101,2.16685,2.16805,1.10,1.10
2010.04.16 05:58:31.301,2.16675,2.168,1.10,1.10
2010.04.16 05:58:31.500,2.1668,2.16805,1.10,1.10
2010.04.16 05:58:32.542,2.16675,2.168,1.10,1.10
2010.04.16 05:58:33.760,2.16685,2.16805,1.10,1.10
2010.04.16 05:58:34.040,2.1669,2.16815,1.10,1.10
2010.04.16 05:58:34.600,2.16685,2.16805,1.10,1.10
2010.04.16 05:58:34.740,2.167,2.1682,1.10,1.10
2010.04.16 05:58:35.780,2.16695,2.1682,1.10,1.10
2010.04.16 05:58:36.259,2.16705,2.16825,1.10,1.10
2010.04.16 05:58:37.331,2.1669,2.1681,1.10,1.10
2010.04.16 05:58:38.590,2.1668,2.16805,1.10,1.10
2010.04.16 05:58:39.572,2.16695,2.1682,1.10,1.10
2010.04.16 05:58:39.889,2.16705,2.16825,1.10,1.10
2010.04.16 05:58:40.208,2.16695,2.1682,1.10,1.10
2010.04.16 05:58:40.528,2.16705,2.16825,1.10,1.10
2010.04.16 05:58:42.678,2.1671,2.16835,1.10,1.10
2010.04.16 05:58:44.527,2.16715,2.1684,1.10,1.10
2010.04.16 05:58:44.907,2.1671,2.16855,1.10,1.10
2010.04.16 05:58:45.157,2.1671,2.16835,1.10,1.10
2010.04.16 05:58:46.091,2.16715,2.1684,1.10,1.10
2010.04.16 05:58:47.177,2.16725,2.16845,1.10,1.10
2010.04.16 05:58:51.697,2.16735,2.16855,1.10,1.10
2010.04.16 05:58:52.078,2.16735,2.1686,1.10,1.10
2010.04.16 05:58:52.666,2.16735,2.16855,1.10,1.10
2010.04.16 05:58:52.987,2.16715,2.1684,1.10,1.10
2010.04.16 05:58:54.435,2.16725,2.16845,1.10,1.10
2010.04.16 05:58:56.504,2.1672,2.1684,1.10,1.10
2010.04.16 05:58:58.244,2.16715,2.1684,1.10,1.10
2010.04.16 05:58:59.294,2.1671,2.16835,1.10,1.10
2010.04.16 05:59:01.034,2.16705,2.1683,1.10,1.10
2010.04.16 05:59:01.994,2.1671,2.16835,1.10,1.10
2010.04.16 05:59:04.320,2.16715,2.1684,1.10,1.10
2010.04.16 05:59:05.722,2.1671,2.16835,1.10,1.10
2010.04.16 05:59:05.982,2.1671,2.1683,1.10,1.10
2010.04.16 05:59:14.353,2.16725,2.16845,1.10,1.10
2010.04.16 05:59:16.026,2.1674,2.16865,1.10,1.10
2010.04.16 05:59:19.129,2.16725,2.1685,1.10,1.10
2010.04.16 05:59:19.679,2.1674,2.16865,1.10,1.10
2010.04.16 05:59:20.679,2.16735,2.1686,1.10,1.10
2010.04.16 05:59:20.980,2.16735,2.16855,1.10,1.10
2010.04.16 05:59:23.179,2.16735,2.1686,1.10,1.10
2010.04.16 05:59:25.088,2.1673,2.1685,1.10,1.10
2010.04.16 05:59:26.091,2.16725,2.1685,1.10,1.10
2010.04.16 05:59:26.458,2.1672,2.16845,1.10,1.10
2010.04.16 05:59:26.658,2.16725,2.1685,1.10,1.10
2010.04.16 05:59:29.818,2.16735,2.16855,1.10,1.10
2010.04.16 05:59:31.547,2.16725,2.1685,1.10,1.10
2010.04.16 05:59:32.966,2.1671,2.16835,1.10,1.10
2010.04.16 05:59:33.687,2.1672,2.16845,1.10,1.10
2010.04.16 05:59:35.074,2.167,2.16825,1.10,1.10
2010.04.16 05:59:36.367,2.16695,2.1682,1.10,1.10
2010.04.16 05:59:36.670,2.167,2.16825,1.10,1.10
2010.04.16 05:59:37.515,2.16705,2.1683,1.10,1.10
2010.04.16 05:59:37.817,2.167,2.16825,1.10,1.10
2010.04.16 05:59:40.895,2.16705,2.1683,1.10,1.10
2010.04.16 05:59:50.402,2.167,2.16825,1.10,1.10
2010.04.16 05:59:51.330,2.1669,2.16815,1.10,1.10
2010.04.16 05:59:52.041,2.16685,2.1681,1.10,1.10
2010.04.16 05:59:52.896,2.1669,2.16815,1.10,1.10
2010.04.16 05:59:54.295,2.1668,2.168,1.10,1.10
2010.04.16 05:59:54.631,2.1667,2.16795,1.10,1.10
2010.04.16 05:59:55.870,2.16665,2.16785,1.10,1.10
2010.04.16 05:59:56.800,2.16665,2.1679,1.10,1.10
2010.04.16 05:59:57.140,2.1668,2.168,1.10,1.10
2010.04.16 05:59:59.561,2.16685,2.1681,1.10,1.10
2010.04.16 05:59:59.841,2.16705,2.1683,1.10,1.10
