2010.02.22 07:00:00.326,2.20215,2.2035,1.00,1.00
2010.02.22 07:00:00.471,2.2021,2.2035,1.00,1.00
2010.02.22 07:00:03.893,2.20235,2.2037,1.00,1.00
2010.02.22 07:00:04.226,2.20225,2.20375,1.00,0.88
2010.02.22 07:00:04.566,2.2024,2.20365,1.00,1.00
2010.02.22 07:00:04.976,2.2023,2.20355,1.00,1.00
2010.02.22 07:00:05.296,2.20245,2.20355,1.00,1.00
2010.02.22 07:00:11.164,2.2024,2.20345,1.00,1.00
2010.02.22 07:00:17.364,2.20235,2.2034,1.00,1.00
2010.02.22 07:00:18.502,2.2021,2.2032,1.00,1.00
2010.02.22 07:00:20.052,2.20205,2.2031,1.00,1.00
2010.02.22 07:00:20.623,2.2021,2.2032,1.00,1.00
2010.02.22 07:00:25.433,2.2022,2.20325,1.00,1.00
2010.02.22 07:00:25.712,2.2021,2.2032,1.00,1.00
2010.02.22 07:00:31.499,2.20225,2.20335,1.00,1.00
2010.02.22 07:00:31.709,2.2022,2.20325,1.00,1.00
2010.02.22 07:00:32.469,2.20225,2.20335,1.00,1.00
2010.02.22 07:00:34.350,2.2021,2.2032,1.00,1.00
2010.02.22 07:00:35.201,2.20225,2.20335,1.00,1.00
2010.02.22 07:00:36.016,2.2022,2.20325,1.00,1.00
2010.02.22 07:00:36.688,2.2024,2.2035,1.00,1.00
2010.02.22 07:00:39.257,2.20235,2.2034,1.00,1.00
2010.02.22 07:00:41.508,2.2024,2.2035,1.00,1.00
2010.02.22 07:00:43.317,2.20235,2.2034,1.00,1.00
2010.02.22 07:00:44.056,2.2024,2.2035,1.00,1.00
2010.02.22 07:00:45.898,2.20255,2.2036,1.00,1.00
2010.02.22 07:00:46.017,2.2023,2.20365,0.80,1.00
2010.02.22 07:00:47.757,2.2025,2.2036,1.00,1.00
2010.02.22 07:00:48.686,2.20285,2.20395,1.00,1.00
2010.02.22 07:00:52.064,2.2028,2.20385,1.00,1.00
2010.02.22 07:00:53.524,2.2029,2.204,1.00,1.00
2010.02.22 07:00:56.374,2.2027,2.2039,1.00,1.00
2010.02.22 07:00:56.543,2.20245,2.20385,1.00,1.00
2010.02.22 07:00:57.113,2.2027,2.2039,1.00,1.00
2010.02.22 07:01:11.381,2.20275,2.2039,1.00,1.00
2010.02.22 07:01:12.313,2.2027,2.2039,1.00,1.00
2010.02.22 07:01:12.920,2.20265,2.2038,1.00,1.00
2010.02.22 07:01:30.067,2.2027,2.2039,1.00,1.00
2010.02.22 07:01:40.193,2.20255,2.20375,1.00,1.00
2010.02.22 07:01:40.516,2.20265,2.20385,1.00,1.00
2010.02.22 07:01:47.981,2.20255,2.20375,1.00,1.00
2010.02.22 07:01:53.100,2.20265,2.20385,1.00,1.00
2010.02.22 07:02:02.297,2.20275,2.2039,1.00,1.00
2010.02.22 07:02:02.887,2.20265,2.20385,1.00,1.00
2010.02.22 07:02:28.046,2.2026,2.20355,1.00,1.00
2010.02.22 07:02:28.373,2.2023,2.2035,1.00,1.00
2010.02.22 07:02:31.081,2.20235,2.20355,1.00,1.00
2010.02.22 07:02:38.280,2.2023,2.2035,1.00,1.00
2010.02.22 07:02:52.476,2.20245,2.20365,1.00,1.00
2010.02.22 07:03:37.834,2.20255,2.20375,1.00,1.00
2010.02.22 07:03:38.360,2.20245,2.20365,1.00,1.00
2010.02.22 07:03:42.743,2.20255,2.20375,1.00,1.00
2010.02.22 07:03:43.663,2.20245,2.20365,1.00,1.00
2010.02.22 07:03:51.609,2.2025,2.20365,1.00,1.00
2010.02.22 07:03:53.400,2.20255,2.20375,1.00,1.00
2010.02.22 07:03:54.081,2.20265,2.2038,1.00,1.00
2010.02.22 07:03:57.620,2.20255,2.20375,1.00,1.00
2010.02.22 07:03:57.780,2.20255,2.2037,1.00,1.00
2010.02.22 07:03:59.723,2.20255,2.20375,1.00,1.00
2010.02.22 07:04:20.105,2.2025,2.20365,1.00,1.00
2010.02.22 07:04:23.793,2.2026,2.2038,1.00,1.00
2010.02.22 07:04:24.053,2.20255,2.20395,1.00,0.88
2010.02.22 07:04:24.313,2.2025,2.20365,1.00,1.00
2010.02.22 07:04:24.963,2.20255,2.2037,1.00,1.00
2010.02.22 07:04:25.303,2.2025,2.20365,1.00,1.00
2010.02.22 07:04:25.642,2.2026,2.2038,1.00,1.00
2010.02.22 07:04:25.982,2.2025,2.20365,1.00,1.00
2010.02.22 07:04:26.073,2.2026,2.2038,1.00,1.00
2010.02.22 07:04:29.213,2.20255,2.2037,1.00,1.00
2010.02.22 07:04:29.482,2.2024,2.2038,0.80,1.00
2010.02.22 07:04:29.752,2.20265,2.20385,1.00,1.00
2010.02.22 07:04:30.141,2.20275,2.20395,1.00,1.00
2010.02.22 07:04:30.402,2.20285,2.20405,1.00,1.00
2010.02.22 07:04:33.258,2.2027,2.2039,1.00,1.00
2010.02.22 07:04:33.542,2.20285,2.20405,1.00,1.00
2010.02.22 07:04:40.110,2.20275,2.20395,1.00,1.00
2010.02.22 07:04:42.269,2.20265,2.20385,1.00,1.00
2010.02.22 07:04:42.989,2.20275,2.20395,1.00,1.00
2010.02.22 07:04:43.421,2.20265,2.20385,1.00,1.00
2010.02.22 07:04:47.549,2.20275,2.20395,1.00,1.00
2010.02.22 07:04:47.828,2.20285,2.20405,1.00,1.00
2010.02.22 07:04:48.109,2.2029,2.2041,1.00,1.00
2010.02.22 07:04:48.797,2.2029,2.20405,1.00,1.00
2010.02.22 07:04:50.338,2.2029,2.2041,1.00,1.00
2010.02.22 07:04:52.726,2.20285,2.204,1.00,1.00
2010.02.22 07:04:53.006,2.2029,2.20405,1.00,1.00
2010.02.22 07:05:00.115,2.20295,2.20415,1.00,1.00
2010.02.22 07:05:00.734,2.2028,2.204,1.00,1.00
2010.02.22 07:05:01.354,2.20275,2.20395,1.00,1.00
2010.02.22 07:05:05.663,2.2029,2.20405,1.00,1.00
2010.02.22 07:05:09.992,2.20315,2.2041,1.00,1.00
2010.02.22 07:05:16.111,2.2031,2.20405,1.00,1.00
2010.02.22 07:05:20.929,2.203,2.204,1.00,1.00
2010.02.22 07:05:24.139,2.20315,2.2041,1.00,1.00
2010.02.22 07:05:24.564,2.2031,2.20405,1.00,1.00
2010.02.22 07:05:24.901,2.20315,2.20415,1.00,1.00
2010.02.22 07:05:25.569,2.20365,2.2046,1.00,1.00
2010.02.22 07:05:26.398,2.2036,2.20455,1.00,1.00
2010.02.22 07:05:30.388,2.20345,2.20445,1.00,1.00
2010.02.22 07:05:31.317,2.2034,2.20435,1.00,1.00
2010.02.22 07:05:34.636,2.20345,2.20445,1.00,1.00
2010.02.22 07:05:37.380,2.2034,2.20435,1.00,1.00
2010.02.22 07:05:38.849,2.2037,2.20465,1.00,1.00
2010.02.22 07:05:39.015,2.2034,2.20435,1.00,1.00
2010.02.22 07:05:39.355,2.20345,2.20445,1.00,1.00
2010.02.22 07:05:39.695,2.20325,2.2042,1.00,1.00
2010.02.22 07:05:40.100,2.2033,2.2043,1.00,1.00
2010.02.22 07:05:41.024,2.20345,2.20445,1.00,1.00
2010.02.22 07:05:41.606,2.2034,2.20435,1.00,1.00
2010.02.22 07:05:41.675,2.2032,2.20415,1.00,1.00
2010.02.22 07:05:42.096,2.2032,2.2042,1.00,1.00
2010.02.22 07:05:44.394,2.20325,2.2042,1.00,1.00
2010.02.22 07:05:44.624,2.20345,2.20445,1.00,1.00
2010.02.22 07:05:45.224,2.2034,2.20435,1.00,1.00
2010.02.22 07:05:45.762,2.20335,2.2043,1.00,1.00
2010.02.22 07:05:46.103,2.2033,2.2043,1.00,1.00
2010.02.22 07:05:47.323,2.20335,2.20435,1.00,1.00
2010.02.22 07:05:49.235,2.20375,2.2047,1.00,1.00
2010.02.22 07:05:49.533,2.2037,2.20465,1.00,1.00
2010.02.22 07:05:49.984,2.20375,2.2047,1.00,1.00
2010.02.22 07:05:53.738,2.2037,2.20465,1.00,1.00
2010.02.22 07:05:55.742,2.20375,2.2047,1.00,1.00
2010.02.22 07:05:56.661,2.2037,2.20465,1.00,1.00
2010.02.22 07:06:04.299,2.2038,2.2048,1.00,1.00
2010.02.22 07:06:06.138,2.2039,2.20485,1.00,1.00
2010.02.22 07:06:07.118,2.2038,2.2048,1.00,1.00
2010.02.22 07:06:09.508,2.2039,2.20485,1.00,1.00
2010.02.22 07:06:11.457,2.2038,2.2048,1.00,1.00
2010.02.22 07:06:12.060,2.2037,2.20465,1.00,1.00
2010.02.22 07:06:12.657,2.2036,2.20455,1.00,1.00
2010.02.22 07:06:13.897,2.20355,2.2045,1.00,1.00
2010.02.22 07:06:14.577,2.2038,2.2048,1.00,1.00
2010.02.22 07:06:15.756,2.2039,2.20485,1.00,1.00
2010.02.22 07:06:17.036,2.2039,2.2049,1.00,1.00
2010.02.22 07:06:25.334,2.20385,2.2048,1.00,1.00
2010.02.22 07:06:26.703,2.204,2.20495,1.00,1.00
2010.02.22 07:06:30.724,2.20385,2.2048,1.00,1.00
2010.02.22 07:06:34.279,2.2038,2.20475,1.00,1.00
2010.02.22 07:06:34.846,2.20375,2.2047,1.00,1.00
2010.02.22 07:06:39.404,2.20375,2.20465,1.00,1.00
2010.02.22 07:06:39.662,2.2038,2.20475,1.00,1.00
2010.02.22 07:06:40.001,2.2035,2.2047,1.00,1.00
2010.02.22 07:06:40.340,2.20375,2.20475,1.00,1.00
2010.02.22 07:06:41.421,2.20385,2.2048,1.00,1.00
2010.02.22 07:06:48.139,2.20395,2.2049,1.00,1.00
2010.02.22 07:06:49.408,2.204,2.20495,1.00,1.00
2010.02.22 07:06:49.748,2.2041,2.20505,1.00,1.00
2010.02.22 07:06:51.178,2.20415,2.2051,1.00,1.00
2010.02.22 07:06:51.518,2.2041,2.20505,1.00,1.00
2010.02.22 07:06:52.229,2.20405,2.205,1.00,1.00
2010.02.22 07:06:52.900,2.20405,2.20505,1.00,1.00
2010.02.22 07:06:53.217,2.204,2.20495,1.00,1.00
2010.02.22 07:06:54.627,2.20395,2.2049,1.00,1.00
2010.02.22 07:06:56.528,2.204,2.20495,1.00,1.00
2010.02.22 07:06:56.711,2.20395,2.2049,1.00,1.00
2010.02.22 07:06:57.856,2.20385,2.20475,1.00,1.00
2010.02.22 07:06:58.957,2.2039,2.20485,1.00,1.00
2010.02.22 07:07:00.603,2.20405,2.20495,1.00,1.00
2010.02.22 07:07:00.815,2.20395,2.2049,1.00,1.00
2010.02.22 07:07:02.045,2.2039,2.20485,1.00,1.00
2010.02.22 07:07:05.477,2.204,2.2049,1.00,1.00
2010.02.22 07:07:06.078,2.2039,2.20485,1.00,1.00
2010.02.22 07:07:09.003,2.20395,2.2049,1.00,1.00
2010.02.22 07:07:11.337,2.2039,2.20485,1.00,1.00
2010.02.22 07:07:12.443,2.2038,2.2048,1.00,1.00
2010.02.22 07:07:12.623,2.2039,2.20485,1.00,1.00
2010.02.22 07:07:13.633,2.2038,2.2048,1.00,1.00
2010.02.22 07:07:14.543,2.20375,2.2047,1.00,1.00
2010.02.22 07:07:17.513,2.2038,2.20475,1.00,1.00
2010.02.22 07:07:17.922,2.2038,2.2048,1.00,1.00
2010.02.22 07:07:23.529,2.2038,2.20475,1.00,1.00
2010.02.22 07:07:24.200,2.20375,2.20465,1.00,1.00
2010.02.22 07:07:25.609,2.2038,2.20475,1.00,1.00
2010.02.22 07:07:26.632,2.20365,2.2046,1.00,1.00
2010.02.22 07:07:27.090,2.20345,2.2044,1.00,1.00
2010.02.22 07:07:27.310,2.2034,2.2043,1.00,1.00
2010.02.22 07:07:28.340,2.20345,2.2044,1.00,1.00
2010.02.22 07:07:29.049,2.2034,2.2043,1.00,1.00
2010.02.22 07:07:30.081,2.20345,2.2044,1.00,1.00
2010.02.22 07:07:32.188,2.2035,2.2045,1.00,1.00
2010.02.22 07:07:43.939,2.2036,2.20455,1.00,1.00
2010.02.22 07:07:44.565,2.20365,2.2046,1.00,1.00
2010.02.22 07:07:44.895,2.2036,2.20455,1.00,1.00
2010.02.22 07:07:48.664,2.20375,2.2047,1.00,1.00
2010.02.22 07:07:49.892,2.20385,2.20475,1.00,1.00
2010.02.22 07:07:50.196,2.20375,2.2047,1.00,1.00
2010.02.22 07:07:53.361,2.2036,2.20455,1.00,1.00
2010.02.22 07:08:08.669,2.20355,2.20445,1.00,1.00
2010.02.22 07:08:13.837,2.20345,2.2044,1.00,1.00
2010.02.22 07:08:16.037,2.2036,2.20455,1.00,1.00
2010.02.22 07:08:16.377,2.20375,2.2047,1.00,1.00
2010.02.22 07:08:21.727,2.20375,2.20465,1.00,1.00
2010.02.22 07:08:22.301,2.20375,2.2047,1.00,1.00
2010.02.22 07:08:24.265,2.2038,2.20475,1.00,1.00
2010.02.22 07:08:24.965,2.20375,2.2047,1.00,1.00
2010.02.22 07:08:26.785,2.2038,2.20475,1.00,1.00
2010.02.22 07:08:27.545,2.20375,2.2047,1.00,1.00
2010.02.22 07:08:27.959,2.2038,2.20475,1.00,1.00
2010.02.22 07:08:30.767,2.20375,2.2047,1.00,1.00
2010.02.22 07:08:33.414,2.2038,2.20475,1.00,1.00
2010.02.22 07:08:44.660,2.20365,2.2046,1.00,1.00
2010.02.22 07:08:45.723,2.2033,2.20425,1.00,1.00
2010.02.22 07:08:45.821,2.2034,2.2043,1.00,1.00
2010.02.22 07:08:45.921,2.2035,2.20445,1.00,1.00
2010.02.22 07:08:49.659,2.2036,2.2045,1.00,1.00
2010.02.22 07:08:53.988,2.2036,2.20455,1.00,1.00
2010.02.22 07:08:54.393,2.20365,2.2046,1.00,1.00
2010.02.22 07:08:54.668,2.20375,2.20465,1.00,1.00
2010.02.22 07:08:57.640,2.2038,2.20475,1.00,1.00
2010.02.22 07:08:58.597,2.20385,2.2048,1.00,1.00
2010.02.22 07:08:59.708,2.2039,2.2048,1.00,1.00
2010.02.22 07:09:00.647,2.20405,2.20495,1.00,1.00
2010.02.22 07:09:04.665,2.2041,2.20505,1.00,1.00
2010.02.22 07:09:09.745,2.20395,2.2049,1.00,1.00
2010.02.22 07:09:14.415,2.20405,2.20495,1.00,1.00
2010.02.22 07:09:15.564,2.2041,2.20505,1.00,1.00
2010.02.22 07:09:18.853,2.20405,2.205,1.00,1.00
2010.02.22 07:09:20.101,2.2041,2.205,1.00,1.00
2010.02.22 07:09:21.531,2.20405,2.205,1.00,1.00
2010.02.22 07:09:23.481,2.2041,2.20505,1.00,1.00
2010.02.22 07:09:23.821,2.20405,2.205,1.00,1.00
2010.02.22 07:09:25.611,2.204,2.2049,1.00,1.00
2010.02.22 07:09:26.170,2.20405,2.205,1.00,1.00
2010.02.22 07:09:26.720,2.204,2.20495,1.00,1.00
2010.02.22 07:09:27.000,2.20375,2.20465,1.00,1.00
2010.02.22 07:09:27.680,2.2038,2.20475,1.00,1.00
2010.02.22 07:09:28.020,2.2039,2.2048,1.00,1.00
2010.02.22 07:09:29.490,2.2037,2.2046,1.00,1.00
2010.02.22 07:09:29.830,2.20315,2.2043,1.00,1.00
2010.02.22 07:09:30.171,2.203,2.20435,1.00,1.00
2010.02.22 07:09:30.891,2.20325,2.2044,1.00,1.00
2010.02.22 07:09:31.049,2.203,2.20435,1.00,1.00
2010.02.22 07:09:31.689,2.2029,2.20425,1.00,1.00
2010.02.22 07:09:32.158,2.203,2.20435,1.00,1.00
2010.02.22 07:09:33.648,2.2029,2.20425,1.00,1.00
2010.02.22 07:09:36.228,2.20295,2.2043,1.00,1.00
2010.02.22 07:09:40.817,2.2029,2.20425,1.00,1.00
2010.02.22 07:09:41.284,2.20285,2.20425,1.00,1.00
2010.02.22 07:09:45.166,2.20355,2.2045,1.00,1.00
2010.02.22 07:09:50.976,2.2035,2.2044,1.00,1.00
2010.02.22 07:09:56.526,2.20365,2.20455,1.00,1.00
2010.02.22 07:09:56.646,2.2037,2.20465,1.00,1.00
2010.02.22 07:09:57.042,2.2036,2.20455,1.00,1.00
2010.02.22 07:09:57.345,2.20395,2.20485,1.00,1.00
2010.02.22 07:09:58.382,2.20385,2.2048,1.00,1.00
2010.02.22 07:10:01.553,2.20375,2.20465,1.00,1.00
2010.02.22 07:10:01.712,2.2037,2.20465,1.00,1.00
2010.02.22 07:10:01.872,2.20385,2.2048,1.00,1.00
2010.02.22 07:10:04.081,2.20375,2.2047,1.00,1.00
2010.02.22 07:10:05.441,2.20375,2.20465,1.00,1.00
2010.02.22 07:10:06.181,2.2038,2.20475,1.00,1.00
2010.02.22 07:10:10.041,2.20365,2.2046,1.00,1.00
2010.02.22 07:10:10.349,2.20365,2.20455,1.00,1.00
2010.02.22 07:10:15.122,2.20355,2.2045,1.00,1.00
2010.02.22 07:10:15.740,2.2035,2.2044,1.00,1.00
2010.02.22 07:10:18.000,2.20365,2.20455,1.00,1.00
2010.02.22 07:10:18.105,2.2037,2.20465,1.00,1.00
2010.02.22 07:10:26.126,2.20365,2.20455,1.00,1.00
2010.02.22 07:10:31.895,2.20355,2.2045,1.00,1.00
2010.02.22 07:10:36.263,2.20365,2.20455,1.00,1.00
2010.02.22 07:10:41.445,2.2036,2.20455,1.00,1.00
2010.02.22 07:10:43.154,2.20355,2.2045,1.00,1.00
2010.02.22 07:10:49.760,2.20365,2.20455,1.00,1.00
2010.02.22 07:11:01.268,2.20355,2.2045,1.00,1.00
2010.02.22 07:11:04.030,2.20365,2.20455,1.00,1.00
2010.02.22 07:11:04.347,2.20355,2.2045,1.00,1.00
2010.02.22 07:11:06.736,2.2035,2.2044,1.00,1.00
2010.02.22 07:11:07.316,2.20355,2.2045,1.00,1.00
2010.02.22 07:11:07.956,2.2035,2.2044,1.00,1.00
2010.02.22 07:11:16.484,2.20355,2.20445,1.00,1.00
2010.02.22 07:11:27.132,2.2036,2.20455,1.00,1.00
2010.02.22 07:11:27.172,2.20365,2.20465,1.00,1.00
2010.02.22 07:11:30.411,2.20375,2.20465,1.00,1.00
2010.02.22 07:11:34.279,2.20365,2.2046,1.00,1.00
2010.02.22 07:11:34.699,2.2037,2.20465,1.00,1.00
2010.02.22 07:11:35.022,2.20365,2.20465,1.00,1.00
2010.02.22 07:11:35.359,2.2036,2.20455,1.00,1.00
2010.02.22 07:11:44.807,2.20345,2.20435,1.00,1.00
2010.02.22 07:11:45.237,2.2029,2.20425,1.00,1.00
2010.02.22 07:11:45.558,2.20305,2.2042,1.00,1.00
2010.02.22 07:11:52.585,2.20295,2.20415,1.00,1.00
2010.02.22 07:11:52.695,2.2028,2.204,1.00,1.00
2010.02.22 07:11:53.136,2.20275,2.2039,1.00,1.00
2010.02.22 07:11:54.615,2.2028,2.20395,1.00,1.00
2010.02.22 07:11:57.034,2.2029,2.20405,1.00,1.00
2010.02.22 07:12:01.945,2.203,2.2041,1.00,1.00
2010.02.22 07:12:02.147,2.2029,2.20405,1.00,1.00
2010.02.22 07:12:04.406,2.203,2.2041,1.00,1.00
2010.02.22 07:12:04.743,2.2029,2.20405,1.00,1.00
2010.02.22 07:12:07.977,2.20285,2.204,1.00,1.00
2010.02.22 07:12:10.264,2.2029,2.20405,1.00,1.00
2010.02.22 07:12:18.270,2.20305,2.2042,1.00,1.00
2010.02.22 07:12:19.209,2.2031,2.20425,1.00,1.00
2010.02.22 07:12:36.821,2.20325,2.2044,1.00,1.00
2010.02.22 07:12:43.624,2.2033,2.20445,1.00,1.00
2010.02.22 07:12:43.813,2.20325,2.20445,1.00,1.00
2010.02.22 07:12:45.823,2.2034,2.20455,1.00,1.00
2010.02.22 07:12:46.033,2.2033,2.20445,1.00,1.00
2010.02.22 07:12:48.907,2.2034,2.20455,1.00,1.00
2010.02.22 07:12:49.241,2.2033,2.20445,1.00,1.00
2010.02.22 07:12:51.072,2.2034,2.20455,1.00,1.00
2010.02.22 07:12:51.321,2.20345,2.2046,1.00,1.00
2010.02.22 07:12:56.250,2.20375,2.20465,1.00,1.00
2010.02.22 07:12:56.836,2.20345,2.2046,1.00,1.00
2010.02.22 07:12:59.609,2.20375,2.20465,1.00,1.00
2010.02.22 07:13:01.618,2.20365,2.2046,1.00,1.00
2010.02.22 07:13:02.140,2.2034,2.20455,1.00,1.00
2010.02.22 07:13:04.339,2.20335,2.2045,1.00,1.00
2010.02.22 07:13:04.599,2.2034,2.20455,1.00,1.00
2010.02.22 07:13:17.956,2.20345,2.2046,1.00,1.00
2010.02.22 07:13:18.062,2.2035,2.2046,1.00,1.00
2010.02.22 07:13:18.480,2.20345,2.2046,1.00,1.00
2010.02.22 07:13:20.017,2.2035,2.2046,1.00,1.00
2010.02.22 07:13:21.553,2.20345,2.2046,1.00,1.00
2010.02.22 07:13:29.622,2.20355,2.2047,1.00,1.00
2010.02.22 07:13:29.913,2.2036,2.20475,1.00,1.00
2010.02.22 07:13:30.552,2.20355,2.20475,1.00,1.00
2010.02.22 07:13:33.701,2.2036,2.20475,1.00,1.00
2010.02.22 07:13:33.943,2.2039,2.2048,1.00,1.00
2010.02.22 07:13:38.310,2.20395,2.2049,1.00,1.00
2010.02.22 07:13:38.650,2.2039,2.20485,1.00,1.00
2010.02.22 07:13:43.770,2.20405,2.205,1.00,1.00
2010.02.22 07:13:48.343,2.204,2.20495,1.00,1.00
2010.02.22 07:13:48.471,2.20375,2.20465,1.00,1.00
2010.02.22 07:13:49.317,2.2038,2.2047,1.00,1.00
2010.02.22 07:13:49.844,2.2037,2.20465,1.00,1.00
2010.02.22 07:13:50.169,2.204,2.20495,1.00,1.00
2010.02.22 07:13:50.967,2.20415,2.2051,1.00,1.00
2010.02.22 07:13:52.606,2.2041,2.2051,1.00,1.00
2010.02.22 07:13:57.695,2.2042,2.20515,1.00,1.00
2010.02.22 07:13:57.865,2.2041,2.2051,1.00,1.00
2010.02.22 07:13:58.549,2.20435,2.20555,1.00,1.00
2010.02.22 07:13:59.126,2.2046,2.2056,1.00,1.00
2010.02.22 07:14:00.784,2.2046,2.2055,1.00,1.00
2010.02.22 07:14:01.509,2.20455,2.2055,1.00,1.00
2010.02.22 07:14:01.744,2.20465,2.20555,1.00,1.00
2010.02.22 07:14:02.684,2.20445,2.2054,1.00,1.00
2010.02.22 07:14:05.843,2.2044,2.20535,1.00,1.00
2010.02.22 07:14:07.342,2.20445,2.20545,1.00,1.00
2010.02.22 07:14:07.643,2.2046,2.20555,1.00,1.00
2010.02.22 07:14:09.143,2.20435,2.2055,1.00,1.00
2010.02.22 07:14:09.482,2.20465,2.2056,1.00,1.00
2010.02.22 07:14:11.322,2.2044,2.20555,1.00,1.00
2010.02.22 07:14:12.721,2.2044,2.2056,0.80,1.00
2010.02.22 07:14:15.572,2.20475,2.20565,1.00,1.00
2010.02.22 07:14:15.781,2.20475,2.2057,1.00,1.00
2010.02.22 07:14:18.360,2.2048,2.20575,1.00,1.00
2010.02.22 07:14:19.406,2.20465,2.2056,1.00,1.00
2010.02.22 07:14:19.740,2.20455,2.20545,1.00,1.00
2010.02.22 07:14:20.544,2.2044,2.2054,1.00,1.00
2010.02.22 07:14:22.307,2.2044,2.20535,1.00,1.00
2010.02.22 07:14:25.098,2.20465,2.20555,1.00,1.00
2010.02.22 07:14:25.559,2.20445,2.2054,1.00,1.00
2010.02.22 07:14:26.268,2.20455,2.20545,1.00,1.00
2010.02.22 07:14:28.428,2.20445,2.2056,0.80,1.00
2010.02.22 07:14:30.457,2.2046,2.20555,1.00,1.00
2010.02.22 07:14:32.287,2.20455,2.20545,1.00,1.00
2010.02.22 07:14:32.921,2.2044,2.20535,1.00,1.00
2010.02.22 07:14:33.168,2.2047,2.2056,1.00,1.00
2010.02.22 07:14:34.156,2.2047,2.20565,1.00,1.00
2010.02.22 07:14:37.625,2.20455,2.2055,1.00,1.00
2010.02.22 07:14:37.795,2.2047,2.20565,1.00,1.00
2010.02.22 07:14:38.855,2.20485,2.2058,1.00,1.00
2010.02.22 07:14:40.415,2.2049,2.2059,1.00,1.00
2010.02.22 07:14:40.986,2.20485,2.2058,1.00,1.00
2010.02.22 07:14:41.485,2.2049,2.2059,1.00,1.00
2010.02.22 07:14:43.874,2.20485,2.20575,1.00,1.00
2010.02.22 07:14:45.974,2.20475,2.2057,1.00,1.00
2010.02.22 07:14:49.284,2.2046,2.20555,1.00,1.00
2010.02.22 07:14:49.916,2.2047,2.2056,1.00,1.00
2010.02.22 07:14:50.594,2.20455,2.2055,1.00,1.00
2010.02.22 07:14:54.255,2.2045,2.20545,1.00,1.00
2010.02.22 07:14:54.595,2.20465,2.20555,1.00,1.00
2010.02.22 07:15:01.333,2.2048,2.20575,1.00,1.00
2010.02.22 07:15:01.592,2.20465,2.20555,1.00,1.00
2010.02.22 07:15:05.319,2.2048,2.20575,1.00,1.00
2010.02.22 07:15:09.169,2.20475,2.20565,1.00,1.00
2010.02.22 07:15:10.729,2.2048,2.20575,1.00,1.00
2010.02.22 07:15:19.177,2.20475,2.20565,1.00,1.00
2010.02.22 07:15:21.197,2.2047,2.20565,1.00,1.00
2010.02.22 07:15:21.556,2.20465,2.2056,1.00,1.00
2010.02.22 07:15:24.404,2.2046,2.2056,1.00,1.00
2010.02.22 07:15:28.065,2.2047,2.20565,1.00,1.00
2010.02.22 07:15:29.944,2.2047,2.2056,1.00,1.00
2010.02.22 07:15:31.644,2.20465,2.20555,1.00,1.00
2010.02.22 07:15:32.214,2.20455,2.2055,1.00,1.00
2010.02.22 07:15:32.323,2.20445,2.20545,1.00,1.00
2010.02.22 07:15:36.073,2.2044,2.20535,1.00,1.00
2010.02.22 07:15:40.291,2.2043,2.2053,1.00,1.00
2010.02.22 07:15:40.294,2.20445,2.20545,1.00,1.00
2010.02.22 07:15:40.633,2.20455,2.2055,1.00,1.00
2010.02.22 07:15:45.220,2.20445,2.20545,1.00,1.00
2010.02.22 07:15:45.900,2.2043,2.2053,1.00,1.00
2010.02.22 07:15:46.760,2.2045,2.2055,1.00,1.00
2010.02.22 07:15:47.570,2.2043,2.2053,1.00,1.00
2010.02.22 07:15:47.850,2.20445,2.20545,1.00,1.00
2010.02.22 07:15:48.641,2.2043,2.2053,1.00,1.00
2010.02.22 07:15:50.000,2.2045,2.2055,1.00,1.00
2010.02.22 07:15:50.249,2.2044,2.20535,1.00,1.00
2010.02.22 07:15:50.649,2.20445,2.2054,1.00,1.00
2010.02.22 07:15:52.918,2.2044,2.20535,1.00,1.00
2010.02.22 07:16:00.355,2.2043,2.2053,1.00,1.00
2010.02.22 07:16:00.679,2.2043,2.20525,1.00,1.00
2010.02.22 07:16:02.569,2.20435,2.2053,1.00,1.00
2010.02.22 07:16:03.357,2.2044,2.20535,1.00,1.00
2010.02.22 07:16:06.526,2.2043,2.20525,1.00,1.00
2010.02.22 07:16:06.806,2.2042,2.20515,1.00,1.00
2010.02.22 07:16:07.415,2.2041,2.2051,1.00,1.00
2010.02.22 07:16:07.705,2.2043,2.20525,1.00,1.00
2010.02.22 07:16:08.405,2.2044,2.20535,1.00,1.00
2010.02.22 07:16:08.745,2.2043,2.20525,1.00,1.00
2010.02.22 07:16:09.515,2.2042,2.2052,1.00,1.00
2010.02.22 07:16:10.875,2.20415,2.2051,1.00,1.00
2010.02.22 07:16:11.584,2.2041,2.2051,1.00,1.00
2010.02.22 07:16:11.806,2.204,2.20495,1.00,1.00
2010.02.22 07:16:11.935,2.20405,2.205,1.00,1.00
2010.02.22 07:16:16.475,2.2041,2.2051,1.00,1.00
2010.02.22 07:16:28.750,2.204,2.205,1.00,1.00
2010.02.22 07:16:29.431,2.204,2.20495,1.00,1.00
2010.02.22 07:16:30.116,2.20405,2.205,1.00,1.00
2010.02.22 07:16:30.460,2.2041,2.2051,1.00,1.00
2010.02.22 07:16:30.799,2.2042,2.20515,1.00,1.00
2010.02.22 07:16:33.528,2.2041,2.2051,1.00,1.00
2010.02.22 07:16:34.328,2.20425,2.20525,1.00,1.00
2010.02.22 07:16:34.668,2.20435,2.2053,1.00,1.00
2010.02.22 07:16:35.348,2.2043,2.2053,1.00,1.00
2010.02.22 07:16:36.028,2.20425,2.20525,1.00,1.00
2010.02.22 07:16:37.241,2.2042,2.20515,1.00,1.00
2010.02.22 07:16:37.378,2.20425,2.2052,1.00,1.00
2010.02.22 07:16:41.706,2.2043,2.2053,1.00,1.00
2010.02.22 07:16:42.450,2.20435,2.2053,1.00,1.00
2010.02.22 07:16:43.517,2.2044,2.2054,1.00,1.00
2010.02.22 07:16:44.015,2.2045,2.20545,1.00,1.00
2010.02.22 07:16:44.246,2.20455,2.2055,1.00,1.00
2010.02.22 07:16:45.403,2.2046,2.2056,1.00,1.00
2010.02.22 07:16:45.749,2.2047,2.20565,1.00,1.00
2010.02.22 07:16:46.233,2.2046,2.20555,1.00,1.00
2010.02.22 07:16:46.549,2.2042,2.2057,1.00,1.00
2010.02.22 07:16:47.049,2.2042,2.20575,1.00,1.00
2010.02.22 07:16:47.347,2.2043,2.2057,1.00,1.00
2010.02.22 07:16:48.046,2.20455,2.20575,1.00,1.00
2010.02.22 07:16:48.387,2.2043,2.2057,1.00,1.00
2010.02.22 07:16:54.250,2.2042,2.2056,1.00,1.00
2010.02.22 07:16:54.518,2.20415,2.20555,1.00,1.00
2010.02.22 07:16:55.534,2.2041,2.2055,1.00,1.00
2010.02.22 07:16:56.973,2.20415,2.20555,1.00,1.00
2010.02.22 07:16:57.163,2.2041,2.2055,1.00,1.00
2010.02.22 07:16:59.343,2.20415,2.20555,1.00,1.00
2010.02.22 07:17:02.592,2.2041,2.2055,1.00,1.00
2010.02.22 07:17:04.062,2.20415,2.20555,1.00,1.00
2010.02.22 07:17:04.402,2.2041,2.2055,1.00,1.00
2010.02.22 07:17:04.746,2.20405,2.20525,1.00,1.00
2010.02.22 07:17:05.081,2.204,2.2052,1.00,1.00
2010.02.22 07:17:05.421,2.20395,2.20515,1.00,1.00
2010.02.22 07:17:06.470,2.2039,2.2051,1.00,1.00
2010.02.22 07:17:06.802,2.2042,2.20515,1.00,1.00
2010.02.22 07:17:08.051,2.20425,2.20525,1.00,1.00
2010.02.22 07:17:09.310,2.2043,2.20525,1.00,1.00
2010.02.22 07:17:09.560,2.20425,2.20525,1.00,1.00
2010.02.22 07:17:09.983,2.204,2.2052,1.00,1.00
2010.02.22 07:17:16.386,2.20395,2.20515,1.00,1.00
2010.02.22 07:17:17.662,2.2039,2.2051,1.00,1.00
2010.02.22 07:17:19.208,2.20385,2.20505,1.00,1.00
2010.02.22 07:17:19.547,2.2038,2.20495,1.00,1.00
2010.02.22 07:17:25.634,2.2039,2.2051,1.00,1.00
2010.02.22 07:17:29.366,2.20385,2.20505,1.00,1.00
2010.02.22 07:17:31.865,2.2041,2.2051,1.00,1.00
2010.02.22 07:17:33.484,2.20395,2.20495,1.00,1.00
2010.02.22 07:17:35.447,2.2041,2.2051,1.00,1.00
2010.02.22 07:17:35.894,2.2043,2.20525,1.00,1.00
2010.02.22 07:17:36.005,2.2042,2.2052,1.00,1.00
2010.02.22 07:17:36.853,2.20435,2.2053,1.00,1.00
2010.02.22 07:17:37.623,2.2045,2.2055,1.00,1.00
2010.02.22 07:17:43.882,2.2042,2.20515,1.00,1.00
2010.02.22 07:17:44.162,2.20435,2.2053,1.00,1.00
2010.02.22 07:17:46.631,2.2045,2.2055,1.00,1.00
2010.02.22 07:18:09.705,2.20465,2.2056,1.00,1.00
2010.02.22 07:18:13.376,2.2047,2.20565,1.00,1.00
2010.02.22 07:18:14.471,2.20475,2.20575,1.00,1.00
2010.02.22 07:18:14.808,2.20495,2.20595,1.00,1.00
2010.02.22 07:18:15.144,2.2051,2.2061,1.00,1.00
2010.02.22 07:18:16.184,2.20515,2.20635,1.00,1.00
2010.02.22 07:18:16.864,2.20505,2.20625,1.00,1.00
2010.02.22 07:18:17.827,2.20495,2.20615,1.00,1.00
2010.02.22 07:18:18.253,2.2054,2.20635,1.00,1.00
2010.02.22 07:18:19.874,2.20545,2.20645,1.00,1.00
2010.02.22 07:18:20.573,2.2054,2.20635,1.00,1.00
2010.02.22 07:18:25.483,2.20545,2.20645,1.00,1.00
2010.02.22 07:18:27.371,2.20555,2.2065,1.00,1.00
2010.02.22 07:18:29.081,2.20505,2.20605,1.00,1.00
2010.02.22 07:18:29.411,2.2051,2.2063,1.00,1.00
2010.02.22 07:18:29.741,2.20505,2.20605,1.00,1.00
2010.02.22 07:18:30.925,2.205,2.20595,1.00,1.00
2010.02.22 07:18:31.100,2.2049,2.20585,1.00,1.00
2010.02.22 07:18:31.280,2.2049,2.20635,1.00,1.00
2010.02.22 07:18:31.831,2.20535,2.20635,1.00,1.00
2010.02.22 07:18:32.010,2.2052,2.2062,1.00,1.00
2010.02.22 07:18:33.685,2.2052,2.20615,1.00,1.00
2010.02.22 07:18:33.752,2.2052,2.2062,1.00,1.00
2010.02.22 07:18:34.851,2.20505,2.20605,1.00,1.00
2010.02.22 07:18:35.189,2.20515,2.2061,1.00,1.00
2010.02.22 07:18:35.529,2.205,2.20595,1.00,1.00
2010.02.22 07:18:40.144,2.2048,2.2058,1.00,1.00
2010.02.22 07:18:43.518,2.20495,2.2059,1.00,1.00
2010.02.22 07:18:43.788,2.2051,2.2061,1.00,1.00
2010.02.22 07:18:44.037,2.20495,2.2059,1.00,1.00
2010.02.22 07:18:44.748,2.2051,2.2061,1.00,1.00
2010.02.22 07:18:45.077,2.20495,2.2059,1.00,1.00
2010.02.22 07:18:45.417,2.2051,2.2061,1.00,1.00
2010.02.22 07:18:46.148,2.20495,2.2059,1.00,1.00
2010.02.22 07:18:46.488,2.2051,2.2061,1.00,1.00
2010.02.22 07:18:48.316,2.20505,2.206,1.00,1.00
2010.02.22 07:18:48.541,2.2052,2.20615,1.00,1.00
2010.02.22 07:19:00.263,2.20535,2.2064,1.00,1.00
2010.02.22 07:19:00.514,2.20525,2.20625,1.00,1.00
2010.02.22 07:19:01.097,2.2051,2.2061,1.00,1.00
2010.02.22 07:19:01.433,2.20505,2.20605,1.00,1.00
2010.02.22 07:19:02.163,2.2049,2.2059,1.00,1.00
2010.02.22 07:19:06.919,2.205,2.20595,1.00,1.00
2010.02.22 07:19:08.302,2.2052,2.2062,1.00,1.00
2010.02.22 07:19:11.091,2.2052,2.20615,1.00,1.00
2010.02.22 07:19:23.039,2.2053,2.20625,1.00,1.00
2010.02.22 07:19:25.878,2.2052,2.20615,1.00,1.00
2010.02.22 07:19:30.591,2.2054,2.20635,1.00,1.00
2010.02.22 07:19:37.976,2.2054,2.2064,1.00,1.00
2010.02.22 07:19:42.956,2.2055,2.20645,1.00,1.00
2010.02.22 07:19:43.603,2.2053,2.2063,1.00,1.00
2010.02.22 07:19:45.570,2.20515,2.20615,1.00,1.00
2010.02.22 07:19:46.162,2.2052,2.2062,1.00,1.00
2010.02.22 07:19:47.180,2.20525,2.20625,1.00,1.00
2010.02.22 07:19:48.372,2.2053,2.2063,1.00,1.00
2010.02.22 07:19:51.131,2.20545,2.2064,1.00,1.00
2010.02.22 07:19:52.761,2.20515,2.2061,1.00,1.00
2010.02.22 07:19:56.219,2.205,2.206,1.00,1.00
2010.02.22 07:19:56.823,2.2049,2.2059,1.00,1.00
2010.02.22 07:19:58.319,2.205,2.20595,1.00,1.00
2010.02.22 07:20:00.159,2.20485,2.2058,1.00,1.00
2010.02.22 07:20:00.619,2.2051,2.206,1.00,1.00
2010.02.22 07:20:01.508,2.205,2.20595,1.00,1.00
2010.02.22 07:20:02.948,2.20515,2.2061,1.00,1.00
2010.02.22 07:20:06.138,2.205,2.20595,1.00,1.00
2010.02.22 07:20:07.297,2.20495,2.2059,1.00,1.00
2010.02.22 07:20:10.156,2.205,2.20595,1.00,1.00
2010.02.22 07:20:10.500,2.20495,2.2059,1.00,1.00
2010.02.22 07:20:12.296,2.20515,2.2061,1.00,1.00
2010.02.22 07:20:13.395,2.2049,2.20605,1.00,1.00
2010.02.22 07:20:13.487,2.20515,2.2061,1.00,1.00
2010.02.22 07:20:13.826,2.2051,2.206,1.00,1.00
2010.02.22 07:20:35.548,2.20515,2.20605,1.00,1.00
2010.02.22 07:20:35.873,2.205,2.20595,1.00,1.00
2010.02.22 07:20:36.486,2.20515,2.20605,1.00,1.00
2010.02.22 07:20:37.413,2.2052,2.20615,1.00,1.00
2010.02.22 07:20:37.622,2.20515,2.20605,1.00,1.00
2010.02.22 07:20:38.909,2.2051,2.20605,1.00,1.00
2010.02.22 07:20:44.284,2.20505,2.206,1.00,1.00
2010.02.22 07:20:44.898,2.20515,2.20605,1.00,1.00
2010.02.22 07:20:51.206,2.2051,2.20605,1.00,1.00
2010.02.22 07:20:58.375,2.2052,2.20615,1.00,1.00
2010.02.22 07:21:02.014,2.2054,2.20635,1.00,1.00
2010.02.22 07:21:02.354,2.20535,2.2063,1.00,1.00
2010.02.22 07:21:03.154,2.2054,2.20635,1.00,1.00
2010.02.22 07:21:03.634,2.20535,2.2063,1.00,1.00
2010.02.22 07:21:06.653,2.2053,2.2062,1.00,1.00
2010.02.22 07:21:09.173,2.20535,2.2063,1.00,1.00
2010.02.22 07:21:09.865,2.2053,2.2062,1.00,1.00
2010.02.22 07:21:11.531,2.20535,2.2063,1.00,1.00
2010.02.22 07:21:12.092,2.2054,2.20635,1.00,1.00
2010.02.22 07:21:13.373,2.2057,2.20665,1.00,1.00
2010.02.22 07:21:23.030,2.20555,2.2065,1.00,1.00
2010.02.22 07:21:23.249,2.2054,2.20635,1.00,1.00
2010.02.22 07:21:24.319,2.2051,2.206,1.00,1.00
2010.02.22 07:21:24.659,2.20475,2.2057,1.00,1.00
2010.02.22 07:21:27.748,2.2046,2.20555,1.00,1.00
2010.02.22 07:21:29.221,2.20445,2.2054,1.00,1.00
2010.02.22 07:21:30.602,2.2046,2.20555,1.00,1.00
2010.02.22 07:21:31.277,2.2045,2.2054,1.00,1.00
2010.02.22 07:21:33.336,2.20455,2.2055,1.00,1.00
2010.02.22 07:21:33.667,2.2045,2.2054,1.00,1.00
2010.02.22 07:21:34.686,2.20455,2.20555,1.00,1.00
2010.02.22 07:21:35.027,2.2048,2.20575,1.00,1.00
2010.02.22 07:21:35.724,2.20455,2.20555,1.00,1.00
2010.02.22 07:21:36.466,2.20475,2.20565,1.00,1.00
2010.02.22 07:21:36.806,2.2049,2.20585,1.00,1.00
2010.02.22 07:21:37.263,2.20475,2.2057,1.00,1.00
2010.02.22 07:21:37.606,2.2048,2.20595,1.00,0.88
2010.02.22 07:21:39.516,2.20485,2.20605,1.00,0.88
2010.02.22 07:21:40.215,2.2048,2.20575,1.00,1.00
2010.02.22 07:21:42.054,2.20475,2.2057,1.00,1.00
2010.02.22 07:21:43.094,2.2047,2.2056,1.00,1.00
2010.02.22 07:21:43.575,2.2047,2.20565,1.00,1.00
2010.02.22 07:21:45.174,2.20485,2.2058,1.00,1.00
2010.02.22 07:21:51.483,2.205,2.20595,1.00,1.00
2010.02.22 07:21:53.123,2.2052,2.20615,1.00,1.00
2010.02.22 07:21:53.392,2.2051,2.206,1.00,1.00
2010.02.22 07:21:53.782,2.2049,2.2061,0.80,1.00
2010.02.22 07:21:54.371,2.2052,2.20615,1.00,1.00
2010.02.22 07:21:54.971,2.20515,2.2061,1.00,1.00
2010.02.22 07:21:55.651,2.2051,2.206,1.00,1.00
2010.02.22 07:21:57.603,2.2052,2.20615,1.00,1.00
2010.02.22 07:21:57.980,2.20515,2.2061,1.00,1.00
2010.02.22 07:21:58.190,2.2051,2.206,1.00,1.00
2010.02.22 07:21:59.470,2.2052,2.20615,1.00,1.00
2010.02.22 07:22:00.001,2.205,2.20595,1.00,1.00
2010.02.22 07:22:00.240,2.2051,2.206,1.00,1.00
2010.02.22 07:22:01.630,2.2052,2.20615,1.00,1.00
2010.02.22 07:22:01.900,2.205,2.20595,1.00,1.00
2010.02.22 07:22:02.189,2.2051,2.206,1.00,1.00
2010.02.22 07:22:02.821,2.2052,2.20615,1.00,1.00
2010.02.22 07:22:03.039,2.2051,2.206,1.00,1.00
2010.02.22 07:22:05.258,2.2052,2.20615,1.00,1.00
2010.02.22 07:22:06.058,2.20515,2.2061,1.00,1.00
2010.02.22 07:22:07.038,2.2051,2.206,1.00,1.00
2010.02.22 07:22:08.218,2.2052,2.20615,1.00,1.00
2010.02.22 07:22:09.167,2.20515,2.2061,1.00,1.00
2010.02.22 07:22:10.917,2.2051,2.206,1.00,1.00
2010.02.22 07:22:20.961,2.205,2.20595,1.00,1.00
2010.02.22 07:22:22.875,2.2051,2.206,1.00,1.00
2010.02.22 07:22:24.296,2.20515,2.2061,1.00,1.00
2010.02.22 07:22:24.825,2.20555,2.2065,1.00,1.00
2010.02.22 07:22:25.360,2.2055,2.20645,1.00,1.00
2010.02.22 07:22:25.694,2.2056,2.20655,1.00,1.00
2010.02.22 07:22:26.484,2.20575,2.2067,1.00,1.00
2010.02.22 07:22:26.823,2.20585,2.20675,1.00,1.00
2010.02.22 07:22:27.163,2.20575,2.2067,1.00,1.00
2010.02.22 07:22:27.663,2.2057,2.20665,1.00,1.00
2010.02.22 07:22:30.983,2.20575,2.2067,1.00,1.00
2010.02.22 07:22:32.412,2.20585,2.20675,1.00,1.00
2010.02.22 07:22:33.022,2.2058,2.20675,1.00,1.00
2010.02.22 07:22:33.532,2.20585,2.20675,1.00,1.00
2010.02.22 07:22:36.827,2.20585,2.2068,1.00,1.00
2010.02.22 07:22:43.076,2.2057,2.20665,1.00,1.00
2010.02.22 07:22:43.180,2.20575,2.2067,1.00,1.00
2010.02.22 07:22:45.897,2.20585,2.20675,1.00,1.00
2010.02.22 07:22:47.494,2.2058,2.2067,1.00,1.00
2010.02.22 07:22:48.239,2.2061,2.20705,1.00,1.00
2010.02.22 07:22:48.841,2.20585,2.2068,1.00,1.00
2010.02.22 07:22:49.209,2.2056,2.20675,1.00,1.00
2010.02.22 07:22:52.248,2.20565,2.2068,1.00,1.00
2010.02.22 07:22:54.599,2.2056,2.20675,1.00,1.00
2010.02.22 07:22:59.322,2.20565,2.2068,1.00,1.00
2010.02.22 07:22:59.675,2.2057,2.20685,1.00,1.00
2010.02.22 07:23:00.116,2.20565,2.2068,1.00,1.00
2010.02.22 07:23:13.504,2.2056,2.20655,1.00,1.00
2010.02.22 07:23:23.380,2.20535,2.2065,1.00,1.00
2010.02.22 07:23:31.899,2.20545,2.2066,1.00,1.00
2010.02.22 07:23:32.778,2.2055,2.20665,1.00,1.00
2010.02.22 07:23:32.858,2.20555,2.2067,1.00,1.00
2010.02.22 07:23:33.348,2.20545,2.2066,1.00,1.00
2010.02.22 07:23:33.868,2.2055,2.20665,1.00,1.00
2010.02.22 07:23:34.468,2.2057,2.20685,1.00,1.00
2010.02.22 07:23:35.427,2.20575,2.2069,1.00,1.00
2010.02.22 07:23:35.767,2.2058,2.20695,1.00,1.00
2010.02.22 07:23:36.682,2.20575,2.2069,1.00,1.00
2010.02.22 07:23:39.557,2.20575,2.20695,1.00,1.00
2010.02.22 07:23:40.058,2.2058,2.20675,1.00,1.00
2010.02.22 07:23:41.146,2.20565,2.20655,1.00,1.00
2010.02.22 07:23:42.175,2.2057,2.20665,1.00,1.00
2010.02.22 07:23:42.635,2.2056,2.20655,1.00,1.00
2010.02.22 07:23:42.868,2.2052,2.20635,1.00,1.00
2010.02.22 07:23:43.645,2.20515,2.2061,1.00,1.00
2010.02.22 07:23:44.715,2.20525,2.2064,1.00,1.00
2010.02.22 07:23:45.585,2.20515,2.2063,1.00,1.00
2010.02.22 07:23:46.718,2.2051,2.20625,1.00,1.00
2010.02.22 07:23:46.954,2.2053,2.2062,1.00,1.00
2010.02.22 07:23:47.435,2.20535,2.2065,1.00,1.00
2010.02.22 07:23:47.855,2.20525,2.2064,1.00,1.00
2010.02.22 07:23:48.086,2.2053,2.20645,0.80,1.00
2010.02.22 07:23:48.928,2.2056,2.20675,1.00,1.00
2010.02.22 07:23:52.533,2.20525,2.20645,1.00,1.00
2010.02.22 07:23:53.624,2.20505,2.2062,1.00,1.00
2010.02.22 07:23:53.893,2.20525,2.2064,1.00,1.00
2010.02.22 07:23:54.504,2.2052,2.20635,1.00,1.00
2010.02.22 07:23:55.324,2.2051,2.20655,1.00,0.88
2010.02.22 07:23:56.452,2.20505,2.2062,1.00,1.00
2010.02.22 07:24:01.843,2.20505,2.2063,1.00,0.88
2010.02.22 07:24:02.460,2.2051,2.2063,1.00,1.00
2010.02.22 07:24:04.671,2.2052,2.20635,1.00,1.00
2010.02.22 07:24:05.790,2.20515,2.2061,1.00,1.00
2010.02.22 07:24:06.730,2.2048,2.206,1.00,1.00
2010.02.22 07:24:07.399,2.20505,2.20605,1.00,1.00
2010.02.22 07:24:08.930,2.20505,2.2062,1.00,1.00
2010.02.22 07:24:12.999,2.205,2.20615,1.00,1.00
2010.02.22 07:24:17.967,2.20525,2.2062,1.00,1.00
2010.02.22 07:24:18.257,2.205,2.20615,1.00,1.00
2010.02.22 07:24:21.098,2.20555,2.2065,1.00,1.00
2010.02.22 07:24:21.766,2.2056,2.20655,1.00,1.00
2010.02.22 07:24:21.988,2.20535,2.2065,1.00,1.00
2010.02.22 07:24:22.665,2.2053,2.20645,1.00,1.00
2010.02.22 07:24:25.806,2.205,2.2064,1.00,0.88
2010.02.22 07:24:29.111,2.20525,2.2062,1.00,1.00
2010.02.22 07:24:29.524,2.2053,2.20645,1.00,1.00
2010.02.22 07:24:36.573,2.2054,2.20655,1.00,1.00
2010.02.22 07:24:39.771,2.20535,2.20625,1.00,1.00
2010.02.22 07:24:40.092,2.20565,2.2066,1.00,1.00
2010.02.22 07:24:40.431,2.2058,2.20675,1.00,1.00
2010.02.22 07:24:41.111,2.2054,2.20655,1.00,1.00
2010.02.22 07:24:41.802,2.2053,2.2062,1.00,1.00
2010.02.22 07:24:42.071,2.2052,2.20615,1.00,1.00
2010.02.22 07:24:42.481,2.20495,2.2061,1.00,1.00
2010.02.22 07:24:45.010,2.2054,2.2063,1.00,1.00
2010.02.22 07:24:49.697,2.2053,2.20625,1.00,1.00
2010.02.22 07:24:49.746,2.20525,2.20615,1.00,1.00
2010.02.22 07:24:49.941,2.2052,2.20615,1.00,1.00
2010.02.22 07:24:50.603,2.20535,2.2063,1.00,1.00
2010.02.22 07:24:51.278,2.2052,2.20615,1.00,1.00
2010.02.22 07:24:51.508,2.2053,2.2062,1.00,1.00
2010.02.22 07:24:52.258,2.20545,2.20635,1.00,1.00
2010.02.22 07:24:52.858,2.2053,2.2062,1.00,1.00
2010.02.22 07:24:53.158,2.20545,2.20635,1.00,1.00
2010.02.22 07:24:53.749,2.2053,2.2062,1.00,1.00
2010.02.22 07:24:56.618,2.20545,2.20635,1.00,1.00
2010.02.22 07:24:57.691,2.2054,2.2063,1.00,1.00
2010.02.22 07:25:14.234,2.20515,2.2063,1.00,1.00
2010.02.22 07:25:22.226,2.20545,2.20635,1.00,1.00
2010.02.22 07:25:30.530,2.20525,2.2062,1.00,1.00
2010.02.22 07:25:32.009,2.2052,2.20615,1.00,1.00
2010.02.22 07:25:32.339,2.20515,2.2061,1.00,1.00
2010.02.22 07:25:38.569,2.20535,2.20625,1.00,1.00
2010.02.22 07:25:44.180,2.2055,2.20645,1.00,1.00
2010.02.22 07:25:44.346,2.20555,2.20645,1.00,1.00
2010.02.22 07:25:47.177,2.2054,2.2063,1.00,1.00
2010.02.22 07:25:47.600,2.2053,2.20625,1.00,1.00
2010.02.22 07:25:54.207,2.2049,2.20605,1.00,1.00
2010.02.22 07:25:54.633,2.2049,2.20585,1.00,1.00
2010.02.22 07:25:54.773,2.20465,2.2058,1.00,1.00
2010.02.22 07:25:55.514,2.2048,2.20595,1.00,1.00
2010.02.22 07:25:56.055,2.2045,2.20565,1.00,1.00
2010.02.22 07:25:56.380,2.20455,2.2057,1.00,1.00
2010.02.22 07:25:57.753,2.2047,2.20585,1.00,1.00
2010.02.22 07:25:58.443,2.20435,2.2055,1.00,1.00
2010.02.22 07:25:58.752,2.2047,2.20585,1.00,1.00
2010.02.22 07:25:59.902,2.20475,2.2059,1.00,1.00
2010.02.22 07:26:00.325,2.2047,2.20585,1.00,1.00
2010.02.22 07:26:00.512,2.20475,2.2059,1.00,1.00
2010.02.22 07:26:01.861,2.2048,2.20595,1.00,1.00
2010.02.22 07:26:02.263,2.20505,2.206,1.00,1.00
2010.02.22 07:26:02.482,2.20495,2.2059,1.00,1.00
2010.02.22 07:26:13.728,2.205,2.2059,1.00,1.00
2010.02.22 07:26:15.398,2.2048,2.20575,1.00,1.00
2010.02.22 07:26:16.259,2.2046,2.2055,1.00,1.00
2010.02.22 07:26:17.169,2.20425,2.2052,1.00,1.00
2010.02.22 07:26:19.278,2.2041,2.20505,1.00,1.00
2010.02.22 07:26:19.885,2.20405,2.20495,1.00,1.00
2010.02.22 07:26:20.386,2.20395,2.2049,1.00,1.00
2010.02.22 07:26:23.687,2.20415,2.2051,1.00,1.00
2010.02.22 07:26:25.606,2.2041,2.20505,1.00,1.00
2010.02.22 07:26:26.176,2.204,2.20495,1.00,1.00
2010.02.22 07:26:27.118,2.2041,2.20505,1.00,1.00
2010.02.22 07:26:28.835,2.2042,2.2051,1.00,1.00
2010.02.22 07:26:31.744,2.20435,2.2053,1.00,1.00
2010.02.22 07:26:32.744,2.2043,2.2055,1.00,1.00
2010.02.22 07:26:33.714,2.2044,2.20555,1.00,1.00
2010.02.22 07:26:34.654,2.20425,2.2054,1.00,1.00
2010.02.22 07:26:35.946,2.2042,2.20535,1.00,1.00
2010.02.22 07:26:36.715,2.20435,2.2055,1.00,1.00
2010.02.22 07:26:38.373,2.20425,2.2054,1.00,1.00
2010.02.22 07:26:38.815,2.20465,2.2056,1.00,1.00
2010.02.22 07:26:39.913,2.20475,2.2057,1.00,1.00
2010.02.22 07:26:42.592,2.2048,2.20575,1.00,1.00
2010.02.22 07:26:43.322,2.20435,2.2055,1.00,1.00
2010.02.22 07:26:46.510,2.2044,2.20555,1.00,1.00
2010.02.22 07:26:46.641,2.20435,2.2055,1.00,1.00
2010.02.22 07:26:47.271,2.20425,2.2054,1.00,1.00
2010.02.22 07:26:49.490,2.2045,2.20545,1.00,1.00
2010.02.22 07:26:50.751,2.20445,2.2054,1.00,1.00
2010.02.22 07:26:51.089,2.2045,2.20545,1.00,1.00
2010.02.22 07:26:54.850,2.20445,2.2054,1.00,1.00
2010.02.22 07:26:58.889,2.2044,2.2053,1.00,1.00
2010.02.22 07:27:00.048,2.20445,2.20535,1.00,1.00
2010.02.22 07:27:01.027,2.20445,2.2054,1.00,1.00
2010.02.22 07:27:03.667,2.2045,2.20545,1.00,1.00
2010.02.22 07:27:05.806,2.2044,2.2053,1.00,1.00
2010.02.22 07:27:06.716,2.2044,2.20535,1.00,1.00
2010.02.22 07:27:06.996,2.20425,2.2052,1.00,1.00
2010.02.22 07:27:07.136,2.2041,2.20505,1.00,1.00
2010.02.22 07:27:07.816,2.2042,2.2051,1.00,1.00
2010.02.22 07:27:08.496,2.2041,2.20505,1.00,1.00
2010.02.22 07:27:09.086,2.20405,2.205,1.00,1.00
2010.02.22 07:27:09.315,2.204,2.2049,1.00,1.00
2010.02.22 07:27:09.947,2.20415,2.2051,1.00,1.00
2010.02.22 07:27:14.415,2.2042,2.2051,1.00,1.00
2010.02.22 07:27:15.198,2.2042,2.20515,1.00,1.00
2010.02.22 07:27:21.314,2.2043,2.2052,1.00,1.00
2010.02.22 07:27:22.283,2.20435,2.2053,1.00,1.00
2010.02.22 07:27:22.572,2.20445,2.20535,1.00,1.00
2010.02.22 07:27:23.253,2.20435,2.2053,1.00,1.00
2010.02.22 07:27:24.403,2.2042,2.20515,1.00,1.00
2010.02.22 07:27:29.612,2.2042,2.2051,1.00,1.00
2010.02.22 07:27:30.015,2.2041,2.20505,1.00,1.00
2010.02.22 07:27:33.763,2.2042,2.2051,1.00,1.00
2010.02.22 07:27:35.989,2.2043,2.2052,1.00,1.00
2010.02.22 07:27:38.896,2.2042,2.20515,1.00,1.00
2010.02.22 07:27:39.668,2.20415,2.20505,1.00,1.00
2010.02.22 07:27:39.908,2.2042,2.2051,1.00,1.00
2010.02.22 07:27:40.296,2.20425,2.2052,1.00,1.00
2010.02.22 07:27:41.419,2.2043,2.20525,1.00,1.00
2010.02.22 07:27:41.738,2.2042,2.20515,1.00,1.00
2010.02.22 07:27:42.439,2.2041,2.205,1.00,1.00
2010.02.22 07:27:44.647,2.20405,2.205,1.00,1.00
2010.02.22 07:27:46.087,2.20415,2.2051,1.00,1.00
2010.02.22 07:27:46.426,2.204,2.2049,1.00,1.00
2010.02.22 07:27:48.147,2.20405,2.205,1.00,1.00
2010.02.22 07:27:48.306,2.204,2.2049,1.00,1.00
2010.02.22 07:27:48.467,2.20405,2.205,1.00,1.00
2010.02.22 07:27:49.037,2.204,2.2049,1.00,1.00
2010.02.22 07:27:50.527,2.20415,2.20505,1.00,1.00
2010.02.22 07:27:51.277,2.2042,2.20515,1.00,1.00
2010.02.22 07:27:51.566,2.2043,2.2052,1.00,1.00
2010.02.22 07:27:53.105,2.2042,2.20515,1.00,1.00
2010.02.22 07:27:54.618,2.2043,2.2052,1.00,1.00
2010.02.22 07:27:54.795,2.20435,2.2053,1.00,1.00
2010.02.22 07:27:55.335,2.2043,2.2052,1.00,1.00
2010.02.22 07:27:58.728,2.2041,2.20505,1.00,1.00
2010.02.22 07:28:03.973,2.2043,2.2052,1.00,1.00
2010.02.22 07:28:16.801,2.2041,2.20505,1.00,1.00
2010.02.22 07:28:16.951,2.204,2.2049,1.00,1.00
2010.02.22 07:28:17.649,2.2043,2.2052,1.00,1.00
2010.02.22 07:28:18.437,2.20435,2.2053,1.00,1.00
2010.02.22 07:28:20.378,2.20455,2.2055,1.00,1.00
2010.02.22 07:28:21.338,2.2045,2.20545,1.00,1.00
2010.02.22 07:28:24.148,2.2046,2.2055,1.00,1.00
2010.02.22 07:28:24.337,2.20465,2.2056,1.00,1.00
2010.02.22 07:28:34.027,2.2046,2.2055,1.00,1.00
2010.02.22 07:28:35.895,2.2045,2.20545,1.00,1.00
2010.02.22 07:28:36.635,2.2045,2.2054,1.00,1.00
2010.02.22 07:28:43.693,2.2047,2.2057,1.00,1.00
2010.02.22 07:28:44.562,2.2046,2.2055,1.00,1.00
2010.02.22 07:28:45.464,2.2045,2.2054,1.00,1.00
2010.02.22 07:28:47.922,2.2047,2.2057,1.00,1.00
2010.02.22 07:28:48.562,2.205,2.206,1.00,1.00
2010.02.22 07:28:49.162,2.2052,2.20615,1.00,1.00
2010.02.22 07:28:52.611,2.20515,2.20615,1.00,1.00
2010.02.22 07:28:52.821,2.2055,2.20645,1.00,1.00
2010.02.22 07:28:53.050,2.20535,2.2063,1.00,1.00
2010.02.22 07:28:57.064,2.20545,2.20635,1.00,1.00
2010.02.22 07:28:57.380,2.20535,2.2063,1.00,1.00
2010.02.22 07:28:58.072,2.2052,2.20615,1.00,1.00
2010.02.22 07:28:58.349,2.2052,2.2061,1.00,1.00
2010.02.22 07:28:59.779,2.20515,2.2061,1.00,1.00
2010.02.22 07:28:59.972,2.2052,2.2061,1.00,1.00
2010.02.22 07:29:00.639,2.2052,2.20615,1.00,1.00
2010.02.22 07:29:02.198,2.20515,2.2061,1.00,1.00
2010.02.22 07:29:03.478,2.2052,2.20615,1.00,1.00
2010.02.22 07:29:04.210,2.20495,2.2061,1.00,1.00
2010.02.22 07:29:05.017,2.2049,2.20605,1.00,1.00
2010.02.22 07:29:06.307,2.20495,2.2061,1.00,1.00
2010.02.22 07:29:06.647,2.2049,2.20585,1.00,1.00
2010.02.22 07:29:09.250,2.205,2.2059,1.00,1.00
2010.02.22 07:29:09.607,2.2049,2.20585,1.00,1.00
2010.02.22 07:29:10.746,2.205,2.2059,1.00,1.00
2010.02.22 07:29:13.795,2.20505,2.206,1.00,1.00
2010.02.22 07:29:14.035,2.205,2.2059,1.00,1.00
2010.02.22 07:29:14.695,2.20525,2.2062,1.00,1.00
2010.02.22 07:29:14.816,2.20505,2.206,1.00,1.00
2010.02.22 07:29:15.691,2.2051,2.20605,1.00,1.00
2010.02.22 07:29:24.453,2.2052,2.20615,1.00,1.00
2010.02.22 07:29:30.184,2.2053,2.2062,1.00,1.00
2010.02.22 07:29:33.939,2.20535,2.2063,1.00,1.00
2010.02.22 07:29:34.492,2.2053,2.2062,1.00,1.00
2010.02.22 07:29:36.410,2.20525,2.2062,1.00,1.00
2010.02.22 07:29:36.969,2.2052,2.20615,1.00,1.00
2010.02.22 07:29:39.409,2.2051,2.20605,1.00,1.00
2010.02.22 07:29:50.277,2.20515,2.2063,1.00,1.00
2010.02.22 07:29:50.877,2.2051,2.20605,1.00,1.00
2010.02.22 07:29:56.926,2.2052,2.20615,1.00,1.00
2010.02.22 07:29:57.425,2.20505,2.206,1.00,1.00
2010.02.22 07:29:57.765,2.2049,2.20585,1.00,1.00
2010.02.22 07:29:59.897,2.20485,2.20575,1.00,1.00
2010.02.22 07:30:01.364,2.20475,2.2057,1.00,1.00
2010.02.22 07:30:07.742,2.2049,2.20585,1.00,1.00
2010.02.22 07:30:11.225,2.2046,2.20555,1.00,1.00
2010.02.22 07:30:11.912,2.2049,2.20585,1.00,1.00
2010.02.22 07:30:18.610,2.20495,2.20615,1.00,1.00
2010.02.22 07:30:19.180,2.2052,2.2062,1.00,1.00
2010.02.22 07:30:23.700,2.20495,2.20615,1.00,1.00
2010.02.22 07:30:24.239,2.20505,2.2062,1.00,1.00
2010.02.22 07:30:25.658,2.2053,2.2062,1.00,1.00
2010.02.22 07:30:27.368,2.20505,2.2062,1.00,1.00
2010.02.22 07:30:30.957,2.205,2.2059,1.00,1.00
2010.02.22 07:30:33.387,2.20505,2.206,1.00,1.00
2010.02.22 07:30:34.166,2.2048,2.20595,1.00,1.00
2010.02.22 07:30:34.664,2.20495,2.2059,1.00,1.00
2010.02.22 07:30:44.564,2.20495,2.20585,1.00,1.00
2010.02.22 07:30:45.213,2.20495,2.2059,1.00,1.00
2010.02.22 07:30:50.841,2.205,2.20595,1.00,1.00
2010.02.22 07:30:52.681,2.2049,2.20585,1.00,1.00
2010.02.22 07:31:01.841,2.20475,2.2057,1.00,1.00
2010.02.22 07:31:01.989,2.2049,2.20585,1.00,1.00
2010.02.22 07:31:02.532,2.20465,2.2056,1.00,1.00
2010.02.22 07:31:02.870,2.2046,2.2055,1.00,1.00
2010.02.22 07:31:03.209,2.20465,2.2056,1.00,1.00
2010.02.22 07:31:06.668,2.2045,2.2054,1.00,1.00
2010.02.22 07:31:07.008,2.20465,2.2056,1.00,1.00
2010.02.22 07:31:07.988,2.2045,2.2054,1.00,1.00
2010.02.22 07:31:08.767,2.20465,2.2056,1.00,1.00
2010.02.22 07:31:09.112,2.2045,2.2054,1.00,1.00
2010.02.22 07:31:13.537,2.2044,2.20535,1.00,1.00
2010.02.22 07:31:14.067,2.2044,2.2054,1.00,1.00
2010.02.22 07:31:14.506,2.20435,2.2053,1.00,1.00
2010.02.22 07:31:15.326,2.2045,2.2054,1.00,1.00
2010.02.22 07:31:15.644,2.2043,2.20525,1.00,1.00
2010.02.22 07:31:16.267,2.2042,2.20515,1.00,1.00
2010.02.22 07:31:17.541,2.20425,2.2052,1.00,1.00
2010.02.22 07:31:18.208,2.2042,2.20515,1.00,1.00
2010.02.22 07:31:21.825,2.20425,2.2052,1.00,1.00
2010.02.22 07:31:22.637,2.20435,2.20525,1.00,1.00
2010.02.22 07:31:23.273,2.2042,2.20515,1.00,1.00
2010.02.22 07:31:23.544,2.20425,2.20525,1.00,1.00
2010.02.22 07:31:29.213,2.2043,2.20525,1.00,1.00
2010.02.22 07:31:30.152,2.20425,2.2052,1.00,1.00
2010.02.22 07:31:30.472,2.2042,2.20515,1.00,1.00
2010.02.22 07:31:31.524,2.2044,2.2053,1.00,1.00
2010.02.22 07:31:32.334,2.2042,2.20515,1.00,1.00
2010.02.22 07:31:32.642,2.20435,2.2053,1.00,1.00
2010.02.22 07:31:33.404,2.20465,2.2056,1.00,1.00
2010.02.22 07:31:33.642,2.2048,2.20575,1.00,1.00
2010.02.22 07:31:34.776,2.20475,2.2057,1.00,1.00
2010.02.22 07:31:35.581,2.2047,2.2056,1.00,1.00
2010.02.22 07:31:41.881,2.2047,2.20565,1.00,1.00
2010.02.22 07:31:42.870,2.2047,2.2056,1.00,1.00
2010.02.22 07:31:54.116,2.20475,2.2057,1.00,1.00
2010.02.22 07:31:57.395,2.2047,2.2056,1.00,1.00
2010.02.22 07:31:57.535,2.2044,2.2053,1.00,1.00
2010.02.22 07:32:04.979,2.2045,2.20545,1.00,1.00
2010.02.22 07:32:05.274,2.2042,2.20535,1.00,1.00
2010.02.22 07:32:05.533,2.2041,2.20525,1.00,1.00
2010.02.22 07:32:06.193,2.2044,2.2053,1.00,1.00
2010.02.22 07:32:07.633,2.20445,2.2054,1.00,1.00
2010.02.22 07:32:11.324,2.2045,2.20545,1.00,1.00
2010.02.22 07:32:11.482,2.2046,2.2055,1.00,1.00
2010.02.22 07:32:12.272,2.20465,2.2056,1.00,1.00
2010.02.22 07:32:13.862,2.2046,2.20555,1.00,1.00
2010.02.22 07:32:21.759,2.2045,2.20545,1.00,1.00
2010.02.22 07:32:24.510,2.2047,2.2056,1.00,1.00
2010.02.22 07:32:27.205,2.20475,2.2057,1.00,1.00
2010.02.22 07:32:27.418,2.20495,2.2059,1.00,1.00
2010.02.22 07:32:27.870,2.2052,2.2061,1.00,1.00
2010.02.22 07:32:28.209,2.2052,2.20615,1.00,1.00
2010.02.22 07:32:28.548,2.20525,2.2062,1.00,1.00
2010.02.22 07:32:31.728,2.2052,2.20615,1.00,1.00
2010.02.22 07:32:38.444,2.20525,2.2062,1.00,1.00
2010.02.22 07:32:40.266,2.2054,2.2063,1.00,1.00
2010.02.22 07:32:41.734,2.20545,2.20635,1.00,1.00
2010.02.22 07:32:42.044,2.2055,2.20645,1.00,1.00
2010.02.22 07:32:42.748,2.20515,2.2061,1.00,1.00
2010.02.22 07:32:43.518,2.2051,2.206,1.00,1.00
2010.02.22 07:32:46.624,2.205,2.206,1.00,1.00
2010.02.22 07:32:47.303,2.20495,2.2059,1.00,1.00
2010.02.22 07:32:48.613,2.2051,2.20605,1.00,1.00
2010.02.22 07:32:50.623,2.20515,2.2061,1.00,1.00
2010.02.22 07:32:50.842,2.2051,2.20605,1.00,1.00
2010.02.22 07:32:54.082,2.205,2.2059,1.00,1.00
2010.02.22 07:32:55.698,2.20455,2.2057,1.00,1.00
2010.02.22 07:32:56.061,2.205,2.2059,1.00,1.00
2010.02.22 07:32:56.241,2.2045,2.20565,1.00,1.00
2010.02.22 07:32:56.872,2.2044,2.2058,1.00,0.88
2010.02.22 07:32:57.211,2.20445,2.20565,1.00,1.00
2010.02.22 07:32:59.381,2.20455,2.2057,1.00,1.00
2010.02.22 07:33:00.006,2.2045,2.20545,1.00,1.00
2010.02.22 07:33:01.460,2.20455,2.2055,1.00,1.00
2010.02.22 07:33:03.609,2.20445,2.20535,1.00,1.00
2010.02.22 07:33:03.970,2.2045,2.2054,1.00,1.00
2010.02.22 07:33:04.410,2.2048,2.2057,1.00,1.00
2010.02.22 07:33:04.680,2.20465,2.2056,1.00,1.00
2010.02.22 07:33:07.368,2.2047,2.20565,1.00,1.00
2010.02.22 07:33:08.228,2.20505,2.20595,1.00,1.00
2010.02.22 07:33:08.448,2.2052,2.2061,1.00,1.00
2010.02.22 07:33:08.888,2.20525,2.2062,1.00,1.00
2010.02.22 07:33:14.399,2.2052,2.2061,1.00,1.00
2010.02.22 07:33:17.497,2.20525,2.2062,1.00,1.00
2010.02.22 07:33:21.095,2.2052,2.2061,1.00,1.00
2010.02.22 07:33:48.759,2.20505,2.20595,1.00,1.00
2010.02.22 07:33:49.419,2.2052,2.2061,1.00,1.00
2010.02.22 07:33:49.480,2.20505,2.20595,1.00,1.00
2010.02.22 07:33:50.146,2.20535,2.2063,1.00,1.00
2010.02.22 07:33:58.567,2.20505,2.20595,1.00,1.00
2010.02.22 07:34:03.355,2.2052,2.2061,1.00,1.00
2010.02.22 07:34:26.744,2.20505,2.20595,1.00,1.00
2010.02.22 07:34:29.749,2.20495,2.2059,1.00,1.00
2010.02.22 07:34:30.408,2.2051,2.20605,1.00,1.00
2010.02.22 07:34:33.048,2.2052,2.2061,1.00,1.00
2010.02.22 07:34:51.014,2.20505,2.20595,1.00,1.00
2010.02.22 07:34:51.134,2.20475,2.2059,1.00,1.00
2010.02.22 07:34:54.293,2.2047,2.20565,1.00,1.00
2010.02.22 07:35:13.528,2.20455,2.2055,1.00,1.00
2010.02.22 07:35:27.096,2.2047,2.20565,1.00,1.00
2010.02.22 07:35:29.804,2.2049,2.2058,1.00,1.00
2010.02.22 07:35:39.252,2.2047,2.20565,1.00,1.00
2010.02.22 07:35:48.794,2.20455,2.2055,1.00,1.00
2010.02.22 07:35:55.428,2.2044,2.20535,1.00,1.00
2010.02.22 07:36:02.767,2.20425,2.2052,1.00,1.00
2010.02.22 07:36:03.367,2.20405,2.205,1.00,1.00
2010.02.22 07:36:04.736,2.2039,2.20485,1.00,1.00
2010.02.22 07:36:05.945,2.20425,2.2052,1.00,1.00
2010.02.22 07:36:06.146,2.2038,2.2047,1.00,1.00
2010.02.22 07:36:06.695,2.2041,2.20505,1.00,1.00
2010.02.22 07:36:09.835,2.20415,2.2051,1.00,1.00
2010.02.22 07:36:18.142,2.20425,2.2052,1.00,1.00
2010.02.22 07:36:19.232,2.2041,2.2053,0.80,1.00
2010.02.22 07:36:19.882,2.2043,2.20525,1.00,1.00
2010.02.22 07:36:20.548,2.2042,2.20515,1.00,1.00
2010.02.22 07:36:20.823,2.20425,2.20515,1.00,1.00
2010.02.22 07:36:27.611,2.20425,2.2052,1.00,1.00
2010.02.22 07:36:28.189,2.2041,2.205,1.00,1.00
2010.02.22 07:36:28.520,2.20425,2.2052,1.00,1.00
2010.02.22 07:36:31.159,2.20435,2.20525,1.00,1.00
2010.02.22 07:36:31.399,2.2044,2.20535,1.00,1.00
2010.02.22 07:36:36.230,2.20435,2.20525,1.00,1.00
2010.02.22 07:36:38.388,2.20425,2.2052,1.00,1.00
2010.02.22 07:36:38.577,2.20435,2.20525,1.00,1.00
2010.02.22 07:36:42.877,2.20425,2.2052,1.00,1.00
2010.02.22 07:36:46.546,2.20425,2.20515,1.00,1.00
2010.02.22 07:36:48.575,2.20425,2.2052,1.00,1.00
2010.02.22 07:37:04.929,2.20435,2.20525,1.00,1.00
2010.02.22 07:37:08.489,2.20425,2.2052,1.00,1.00
2010.02.22 07:37:16.119,2.2041,2.205,1.00,1.00
2010.02.22 07:37:19.048,2.2042,2.2051,1.00,1.00
2010.02.22 07:37:20.078,2.20415,2.20505,1.00,1.00
2010.02.22 07:37:23.187,2.2042,2.20515,1.00,1.00
2010.02.22 07:37:23.526,2.20415,2.20505,1.00,1.00
2010.02.22 07:37:26.458,2.2042,2.20515,1.00,1.00
2010.02.22 07:37:26.900,2.20405,2.205,1.00,1.00
2010.02.22 07:37:29.885,2.20415,2.20505,1.00,1.00
2010.02.22 07:37:30.705,2.2042,2.20515,1.00,1.00
2010.02.22 07:37:33.104,2.2041,2.205,1.00,1.00
2010.02.22 07:37:49.931,2.20395,2.20485,1.00,1.00
2010.02.22 07:37:55.869,2.20375,2.2047,1.00,1.00
2010.02.22 07:37:56.089,2.2036,2.20455,1.00,1.00
2010.02.22 07:38:01.129,2.20345,2.2044,1.00,1.00
2010.02.22 07:38:07.556,2.2034,2.2043,1.00,1.00
2010.02.22 07:38:16.638,2.20355,2.20445,1.00,1.00
2010.02.22 07:38:17.374,2.20345,2.2044,1.00,1.00
2010.02.22 07:38:17.852,2.2034,2.20435,1.00,1.00
2010.02.22 07:38:21.878,2.20355,2.2045,1.00,1.00
2010.02.22 07:38:22.872,2.2037,2.20465,1.00,1.00
2010.02.22 07:38:26.802,2.20365,2.20455,1.00,1.00
2010.02.22 07:38:27.632,2.2035,2.20445,1.00,1.00
2010.02.22 07:38:34.170,2.20365,2.2046,1.00,1.00
2010.02.22 07:38:34.490,2.2038,2.20475,1.00,1.00
2010.02.22 07:38:38.102,2.20365,2.2046,1.00,1.00
2010.02.22 07:38:38.809,2.20325,2.2044,1.00,1.00
2010.02.22 07:38:41.208,2.2035,2.20445,1.00,1.00
2010.02.22 07:38:51.081,2.20325,2.2044,1.00,1.00
2010.02.22 07:38:51.987,2.2033,2.2044,1.00,1.00
2010.02.22 07:38:54.035,2.20325,2.2044,1.00,1.00
2010.02.22 07:38:54.923,2.2033,2.2044,1.00,1.00
2010.02.22 07:38:56.824,2.20325,2.2044,1.00,1.00
2010.02.22 07:38:58.824,2.2033,2.2045,1.00,1.00
2010.02.22 07:38:59.693,2.2034,2.2045,1.00,1.00
2010.02.22 07:39:00.857,2.20335,2.2045,1.00,1.00
2010.02.22 07:39:01.105,2.2033,2.20445,1.00,1.00
2010.02.22 07:39:05.922,2.20375,2.20465,1.00,1.00
2010.02.22 07:39:06.472,2.2039,2.2048,1.00,1.00
2010.02.22 07:39:13.471,2.2038,2.20475,1.00,1.00
2010.02.22 07:39:22.548,2.20375,2.20465,1.00,1.00
2010.02.22 07:39:23.916,2.20365,2.2046,1.00,1.00
2010.02.22 07:39:24.248,2.2036,2.20455,1.00,1.00
2010.02.22 07:39:24.588,2.20355,2.20445,1.00,1.00
2010.02.22 07:39:24.757,2.2036,2.20455,1.00,1.00
2010.02.22 07:39:26.797,2.20365,2.2046,1.00,1.00
2010.02.22 07:39:27.897,2.2035,2.20445,1.00,1.00
2010.02.22 07:39:28.753,2.20365,2.2046,1.00,1.00
2010.02.22 07:39:29.346,2.20365,2.20455,1.00,1.00
2010.02.22 07:39:33.906,2.2034,2.2045,1.00,1.00
2010.02.22 07:39:35.115,2.2033,2.20445,1.00,1.00
2010.02.22 07:39:35.567,2.2034,2.2045,1.00,1.00
2010.02.22 07:39:35.706,2.20335,2.20425,1.00,1.00
2010.02.22 07:39:36.275,2.2034,2.2045,1.00,1.00
2010.02.22 07:39:36.560,2.2031,2.2045,1.00,1.00
2010.02.22 07:39:37.593,2.2034,2.2045,1.00,1.00
2010.02.22 07:39:37.844,2.20325,2.2042,1.00,1.00
2010.02.22 07:39:38.524,2.203,2.20415,1.00,1.00
2010.02.22 07:39:39.945,2.2029,2.20405,1.00,1.00
2010.02.22 07:39:40.084,2.2028,2.204,1.00,1.00
2010.02.22 07:39:40.540,2.2028,2.20395,1.00,1.00
2010.02.22 07:39:41.525,2.20275,2.20365,1.00,1.00
2010.02.22 07:39:42.203,2.2029,2.2038,1.00,1.00
2010.02.22 07:39:44.132,2.2027,2.2039,0.80,1.00
2010.02.22 07:39:45.463,2.2028,2.20375,1.00,1.00
2010.02.22 07:39:45.603,2.20295,2.2039,1.00,1.00
2010.02.22 07:39:46.263,2.2029,2.2038,1.00,1.00
2010.02.22 07:39:53.992,2.20305,2.20395,1.00,1.00
2010.02.22 07:39:55.180,2.2031,2.20405,1.00,1.00
2010.02.22 07:39:56.370,2.20305,2.20395,1.00,1.00
2010.02.22 07:40:02.040,2.20305,2.204,1.00,1.00
2010.02.22 07:40:02.968,2.20305,2.20395,1.00,1.00
2010.02.22 07:40:03.988,2.2029,2.2038,1.00,1.00
2010.02.22 07:40:04.328,2.20305,2.20395,1.00,1.00
2010.02.22 07:40:05.908,2.2031,2.20405,1.00,1.00
2010.02.22 07:40:09.767,2.20335,2.20425,1.00,1.00
2010.02.22 07:40:10.456,2.20325,2.20445,1.00,0.88
2010.02.22 07:40:11.136,2.20335,2.20425,1.00,1.00
2010.02.22 07:40:11.377,2.20315,2.2041,1.00,1.00
2010.02.22 07:40:12.182,2.2032,2.2042,1.00,1.00
2010.02.22 07:40:13.166,2.2033,2.20425,1.00,1.00
2010.02.22 07:40:14.938,2.203,2.20395,1.00,1.00
2010.02.22 07:40:15.866,2.20295,2.20385,1.00,1.00
2010.02.22 07:40:20.975,2.203,2.20395,1.00,1.00
2010.02.22 07:40:22.054,2.20305,2.204,1.00,1.00
2010.02.22 07:40:23.623,2.20285,2.20375,1.00,1.00
2010.02.22 07:40:26.622,2.20285,2.2038,1.00,1.00
2010.02.22 07:40:26.923,2.2029,2.20385,1.00,1.00
2010.02.22 07:40:27.562,2.20285,2.2038,1.00,1.00
2010.02.22 07:40:28.952,2.2029,2.20385,1.00,1.00
2010.02.22 07:40:31.012,2.203,2.20395,1.00,1.00
2010.02.22 07:40:31.722,2.2029,2.20385,1.00,1.00
2010.02.22 07:40:31.951,2.20295,2.20385,1.00,1.00
2010.02.22 07:40:36.081,2.2028,2.20375,1.00,1.00
2010.02.22 07:40:37.712,2.20295,2.2039,1.00,1.00
2010.02.22 07:40:38.730,2.2031,2.20405,1.00,1.00
2010.02.22 07:40:39.679,2.20295,2.2039,1.00,1.00
2010.02.22 07:40:43.030,2.2028,2.20375,1.00,1.00
2010.02.22 07:40:45.406,2.20275,2.20365,1.00,1.00
2010.02.22 07:40:45.472,2.2026,2.20355,1.00,1.00
2010.02.22 07:40:47.099,2.20265,2.2036,1.00,1.00
2010.02.22 07:40:55.236,2.20275,2.20365,1.00,1.00
2010.02.22 07:41:00.084,2.20285,2.2038,1.00,1.00
2010.02.22 07:41:00.945,2.203,2.20395,1.00,1.00
2010.02.22 07:41:01.125,2.20285,2.2038,1.00,1.00
2010.02.22 07:41:01.245,2.203,2.20395,1.00,1.00
2010.02.22 07:41:02.344,2.20315,2.2041,1.00,1.00
2010.02.22 07:41:03.024,2.2031,2.20405,1.00,1.00
2010.02.22 07:41:04.264,2.20305,2.20395,1.00,1.00
2010.02.22 07:41:07.722,2.2031,2.20405,1.00,1.00
2010.02.22 07:41:11.473,2.20305,2.20395,1.00,1.00
2010.02.22 07:41:12.592,2.2031,2.20405,1.00,1.00
2010.02.22 07:41:12.931,2.20315,2.2041,1.00,1.00
2010.02.22 07:41:36.446,2.2031,2.20405,1.00,1.00
2010.02.22 07:41:46.506,2.2029,2.2038,1.00,1.00
2010.02.22 07:41:46.643,2.20305,2.20395,1.00,1.00
2010.02.22 07:41:51.748,2.20305,2.20405,1.00,1.00
2010.02.22 07:42:00.490,2.20305,2.20395,1.00,1.00
2010.02.22 07:42:02.561,2.20305,2.20405,1.00,1.00
2010.02.22 07:42:03.562,2.2031,2.2043,1.00,1.00
2010.02.22 07:42:04.781,2.2034,2.20435,1.00,1.00
2010.02.22 07:42:05.145,2.20345,2.20465,1.00,1.00
2010.02.22 07:42:05.988,2.2034,2.20435,1.00,1.00
2010.02.22 07:42:07.238,2.2031,2.2043,1.00,1.00
2010.02.22 07:42:10.708,2.20335,2.20435,1.00,1.00
2010.02.22 07:42:15.169,2.2033,2.20425,1.00,1.00
2010.02.22 07:42:16.157,2.20335,2.20425,1.00,1.00
2010.02.22 07:42:19.257,2.20325,2.20415,1.00,1.00
2010.02.22 07:42:19.566,2.20315,2.2041,1.00,1.00
2010.02.22 07:42:21.098,2.20335,2.20425,1.00,1.00
2010.02.22 07:42:22.135,2.20335,2.20435,1.00,1.00
2010.02.22 07:42:22.935,2.2031,2.2043,1.00,1.00
2010.02.22 07:42:23.796,2.20335,2.20435,1.00,1.00
2010.02.22 07:42:24.464,2.20335,2.2043,1.00,1.00
2010.02.22 07:42:29.157,2.2033,2.2042,1.00,1.00
2010.02.22 07:42:34.863,2.20345,2.20435,1.00,1.00
2010.02.22 07:42:35.032,2.2032,2.20415,1.00,1.00
2010.02.22 07:42:35.445,2.20315,2.20405,1.00,1.00
2010.02.22 07:42:42.580,2.20315,2.2041,1.00,1.00
2010.02.22 07:42:43.470,2.2032,2.20415,1.00,1.00
2010.02.22 07:42:45.580,2.20315,2.20405,1.00,1.00
2010.02.22 07:42:45.673,2.2031,2.204,1.00,1.00
2010.02.22 07:42:46.075,2.20315,2.20405,1.00,1.00
2010.02.22 07:42:50.198,2.2031,2.204,1.00,1.00
2010.02.22 07:42:50.623,2.20305,2.20395,1.00,1.00
2010.02.22 07:42:51.517,2.20285,2.2038,1.00,1.00
2010.02.22 07:42:53.848,2.20295,2.20385,1.00,1.00
2010.02.22 07:42:56.443,2.20285,2.2038,1.00,1.00
2010.02.22 07:43:01.119,2.20295,2.20385,1.00,1.00
2010.02.22 07:43:02.855,2.20285,2.2038,1.00,1.00
2010.02.22 07:43:04.805,2.20295,2.20385,1.00,1.00
2010.02.22 07:43:28.039,2.20285,2.2038,1.00,1.00
2010.02.22 07:43:36.837,2.20275,2.20365,1.00,1.00
2010.02.22 07:43:37.037,2.20265,2.2036,1.00,1.00
2010.02.22 07:43:37.444,2.2026,2.2036,1.00,1.00
2010.02.22 07:43:50.614,2.2026,2.20355,1.00,1.00
2010.02.22 07:43:50.904,2.2026,2.2036,1.00,1.00
2010.02.22 07:43:54.093,2.2026,2.2035,1.00,1.00
2010.02.22 07:43:55.192,2.20245,2.20335,1.00,1.00
2010.02.22 07:43:56.274,2.2026,2.2035,1.00,1.00
2010.02.22 07:44:00.891,2.20245,2.20335,1.00,1.00
2010.02.22 07:44:13.298,2.20225,2.20315,1.00,1.00
2010.02.22 07:44:13.548,2.20245,2.20335,1.00,1.00
2010.02.22 07:44:14.268,2.20235,2.2033,1.00,1.00
2010.02.22 07:44:16.567,2.20245,2.20335,1.00,1.00
2010.02.22 07:44:22.499,2.2023,2.20325,1.00,1.00
2010.02.22 07:44:23.186,2.20235,2.2033,1.00,1.00
2010.02.22 07:44:28.109,2.20255,2.20345,1.00,1.00
2010.02.22 07:44:29.666,2.20305,2.20395,1.00,1.00
2010.02.22 07:44:32.530,2.203,2.20395,1.00,1.00
2010.02.22 07:44:33.362,2.20305,2.204,1.00,1.00
2010.02.22 07:44:33.694,2.20285,2.20375,1.00,1.00
2010.02.22 07:44:35.813,2.203,2.2039,1.00,1.00
2010.02.22 07:44:35.942,2.2027,2.20365,1.00,1.00
2010.02.22 07:44:36.473,2.20285,2.20375,1.00,1.00
2010.02.22 07:44:37.402,2.2028,2.20375,1.00,1.00
2010.02.22 07:44:39.832,2.2026,2.20355,1.00,1.00
2010.02.22 07:44:40.172,2.20265,2.2036,1.00,1.00
2010.02.22 07:44:40.912,2.2028,2.20375,1.00,1.00
2010.02.22 07:44:41.691,2.2026,2.20355,1.00,1.00
2010.02.22 07:44:43.007,2.20255,2.20345,1.00,1.00
2010.02.22 07:44:44.061,2.2026,2.20355,1.00,1.00
2010.02.22 07:44:44.822,2.20255,2.20345,1.00,1.00
2010.02.22 07:44:45.161,2.2026,2.20375,1.00,1.00
2010.02.22 07:44:45.350,2.20285,2.20375,1.00,1.00
2010.02.22 07:44:45.891,2.2029,2.20405,1.00,1.00
2010.02.22 07:44:46.082,2.2028,2.20395,1.00,1.00
2010.02.22 07:44:46.880,2.20285,2.20425,1.00,1.00
2010.02.22 07:44:47.221,2.2028,2.20395,1.00,1.00
2010.02.22 07:44:49.100,2.20295,2.2041,1.00,1.00
2010.02.22 07:44:49.440,2.2029,2.20405,1.00,1.00
2010.02.22 07:44:49.660,2.2028,2.20395,1.00,1.00
2010.02.22 07:44:50.330,2.2027,2.20395,1.00,1.00
2010.02.22 07:44:50.539,2.20265,2.20385,1.00,1.00
2010.02.22 07:44:50.899,2.2026,2.204,0.80,1.00
2010.02.22 07:44:51.969,2.2029,2.20405,1.00,1.00
2010.02.22 07:44:52.149,2.2028,2.204,1.00,1.00
2010.02.22 07:44:52.801,2.20285,2.2043,1.00,1.00
2010.02.22 07:44:53.139,2.20315,2.20435,1.00,1.00
2010.02.22 07:44:54.378,2.20325,2.2044,1.00,1.00
2010.02.22 07:44:57.067,2.2033,2.20445,1.00,1.00
2010.02.22 07:44:59.318,2.2031,2.20425,1.00,1.00
2010.02.22 07:45:00.367,2.20315,2.2043,1.00,1.00
2010.02.22 07:45:01.097,2.2031,2.20425,1.00,1.00
2010.02.22 07:45:01.257,2.20315,2.2043,1.00,1.00
2010.02.22 07:45:02.127,2.20295,2.20435,0.80,1.00
2010.02.22 07:45:04.056,2.20325,2.2044,1.00,1.00
2010.02.22 07:45:08.875,2.2033,2.20445,1.00,1.00
2010.02.22 07:45:09.854,2.20325,2.2044,1.00,1.00
2010.02.22 07:45:10.414,2.2035,2.20445,1.00,1.00
2010.02.22 07:45:14.104,2.20365,2.2046,1.00,1.00
2010.02.22 07:45:15.004,2.20315,2.2043,1.00,1.00
2010.02.22 07:45:16.023,2.20325,2.2044,1.00,1.00
2010.02.22 07:45:16.363,2.2034,2.20455,1.00,1.00
2010.02.22 07:45:17.103,2.20345,2.2046,1.00,1.00
2010.02.22 07:45:17.423,2.2035,2.20465,1.00,1.00
2010.02.22 07:45:17.693,2.2034,2.2048,1.00,0.88
2010.02.22 07:45:18.582,2.2033,2.20445,1.00,1.00
2010.02.22 07:45:18.902,2.20325,2.2044,1.00,1.00
2010.02.22 07:45:22.655,2.20325,2.20445,1.00,1.00
2010.02.22 07:45:23.469,2.2034,2.20455,1.00,1.00
2010.02.22 07:45:23.792,2.20315,2.2043,1.00,1.00
2010.02.22 07:45:27.001,2.2032,2.2046,1.00,1.00
2010.02.22 07:45:27.111,2.2035,2.20465,1.00,1.00
2010.02.22 07:45:29.679,2.20345,2.2046,1.00,1.00
2010.02.22 07:45:30.849,2.20365,2.2048,1.00,1.00
2010.02.22 07:45:31.072,2.2033,2.20465,1.00,1.00
2010.02.22 07:45:31.791,2.20325,2.2044,1.00,1.00
2010.02.22 07:45:34.268,2.2033,2.20465,1.00,1.00
2010.02.22 07:45:34.610,2.20355,2.2047,1.00,1.00
2010.02.22 07:45:36.598,2.2036,2.20475,1.00,1.00
2010.02.22 07:45:38.158,2.20335,2.2047,1.00,1.00
2010.02.22 07:45:38.837,2.2033,2.20465,1.00,1.00
2010.02.22 07:45:40.865,2.20355,2.2047,1.00,1.00
2010.02.22 07:45:44.958,2.2035,2.20445,1.00,1.00
2010.02.22 07:45:45.297,2.20355,2.2047,1.00,1.00
2010.02.22 07:45:45.862,2.2035,2.20445,1.00,1.00
2010.02.22 07:45:45.986,2.2037,2.20485,1.00,1.00
2010.02.22 07:45:46.936,2.20365,2.20455,1.00,1.00
2010.02.22 07:45:47.525,2.2037,2.20485,1.00,1.00
2010.02.22 07:45:48.425,2.20365,2.20455,1.00,1.00
2010.02.22 07:45:48.749,2.2037,2.20485,1.00,1.00
2010.02.22 07:45:50.015,2.20375,2.2049,1.00,1.00
2010.02.22 07:45:50.582,2.2036,2.20475,1.00,1.00
2010.02.22 07:45:50.917,2.20355,2.2047,1.00,1.00
2010.02.22 07:45:51.197,2.2035,2.20445,1.00,1.00
2010.02.22 07:45:53.014,2.20355,2.2047,1.00,1.00
2010.02.22 07:45:53.714,2.2035,2.20445,1.00,1.00
2010.02.22 07:45:54.263,2.20355,2.2047,1.00,1.00
2010.02.22 07:45:59.005,2.2035,2.20465,1.00,1.00
2010.02.22 07:46:09.110,2.20375,2.20465,1.00,1.00
2010.02.22 07:46:10.580,2.2038,2.20475,1.00,1.00
2010.02.22 07:46:11.130,2.20375,2.20465,1.00,1.00
2010.02.22 07:46:11.910,2.2038,2.20475,1.00,1.00
2010.02.22 07:46:16.165,2.2039,2.2048,1.00,1.00
2010.02.22 07:46:17.528,2.20395,2.2049,1.00,1.00
2010.02.22 07:46:18.198,2.2038,2.20475,1.00,1.00
2010.02.22 07:46:23.307,2.20385,2.20475,1.00,1.00
2010.02.22 07:46:23.607,2.2039,2.2048,1.00,1.00
2010.02.22 07:46:24.267,2.20395,2.2049,1.00,1.00
2010.02.22 07:46:25.653,2.2041,2.205,1.00,1.00
2010.02.22 07:46:27.436,2.20395,2.20485,1.00,1.00
2010.02.22 07:46:28.949,2.20385,2.2048,1.00,1.00
2010.02.22 07:46:29.955,2.2038,2.20475,1.00,1.00
2010.02.22 07:46:32.734,2.20395,2.2049,1.00,1.00
2010.02.22 07:46:35.184,2.20385,2.2048,1.00,1.00
2010.02.22 07:46:40.490,2.2038,2.20475,1.00,1.00
2010.02.22 07:46:42.132,2.20385,2.205,1.00,1.00
2010.02.22 07:46:43.592,2.2038,2.20475,1.00,1.00
2010.02.22 07:46:44.672,2.2039,2.2048,1.00,1.00
2010.02.22 07:46:45.012,2.20375,2.2047,1.00,1.00
2010.02.22 07:46:45.352,2.2039,2.2048,1.00,1.00
2010.02.22 07:46:45.901,2.2038,2.20475,1.00,1.00
2010.02.22 07:46:47.045,2.20385,2.205,1.00,1.00
2010.02.22 07:46:52.962,2.2038,2.20475,1.00,1.00
2010.02.22 07:46:53.299,2.20385,2.205,1.00,1.00
2010.02.22 07:46:53.639,2.2038,2.20475,1.00,1.00
2010.02.22 07:46:55.609,2.20385,2.20475,1.00,1.00
2010.02.22 07:46:59.378,2.2039,2.20505,1.00,1.00
2010.02.22 07:47:03.322,2.20385,2.20475,1.00,1.00
2010.02.22 07:47:10.687,2.2039,2.20505,1.00,1.00
2010.02.22 07:47:10.809,2.20385,2.20475,1.00,1.00
2010.02.22 07:47:11.264,2.20385,2.205,1.00,1.00
2010.02.22 07:47:11.836,2.2038,2.20495,1.00,1.00
2010.02.22 07:47:19.193,2.2037,2.20485,1.00,1.00
2010.02.22 07:47:19.833,2.2038,2.20495,1.00,1.00
2010.02.22 07:47:20.523,2.20375,2.20465,1.00,1.00
2010.02.22 07:47:20.882,2.2038,2.20495,1.00,1.00
2010.02.22 07:47:23.673,2.2037,2.20485,1.00,1.00
2010.02.22 07:47:26.382,2.20365,2.2048,1.00,1.00
2010.02.22 07:47:26.511,2.2037,2.20485,1.00,1.00
2010.02.22 07:47:27.002,2.20365,2.2048,1.00,1.00
2010.02.22 07:47:29.760,2.2037,2.20485,1.00,1.00
2010.02.22 07:47:48.018,2.20375,2.2049,1.00,1.00
2010.02.22 07:47:52.449,2.2037,2.20485,1.00,1.00
2010.02.22 07:47:52.637,2.20375,2.2049,1.00,1.00
2010.02.22 07:47:56.245,2.2037,2.20485,1.00,1.00
2010.02.22 07:47:58.384,2.20375,2.2049,1.00,1.00
2010.02.22 07:48:14.620,2.2039,2.20505,1.00,1.00
2010.02.22 07:48:16.329,2.20395,2.2051,1.00,1.00
2010.02.22 07:48:17.539,2.2039,2.20505,1.00,1.00
2010.02.22 07:48:20.178,2.20385,2.20475,1.00,1.00
2010.02.22 07:48:20.518,2.2039,2.20505,1.00,1.00
2010.02.22 07:48:25.717,2.20395,2.2051,1.00,1.00
2010.02.22 07:48:43.244,2.20385,2.205,1.00,1.00
2010.02.22 07:48:59.073,2.20395,2.2051,1.00,1.00
2010.02.22 07:48:59.291,2.20385,2.205,1.00,1.00
2010.02.22 07:48:59.732,2.2039,2.205,1.00,1.00
2010.02.22 07:49:01.260,2.20385,2.20495,1.00,1.00
2010.02.22 07:49:02.531,2.2038,2.2049,1.00,1.00
2010.02.22 07:49:08.849,2.2039,2.205,1.00,1.00
2010.02.22 07:49:09.169,2.20395,2.20505,1.00,1.00
2010.02.22 07:49:10.848,2.2039,2.205,1.00,1.00
2010.02.22 07:49:23.186,2.20385,2.20495,1.00,1.00
2010.02.22 07:49:32.108,2.20385,2.205,1.00,1.00
2010.02.22 07:49:35.857,2.2041,2.20505,1.00,1.00
2010.02.22 07:49:37.932,2.20405,2.20495,1.00,1.00
2010.02.22 07:49:38.969,2.204,2.20495,1.00,1.00
2010.02.22 07:49:39.661,2.2038,2.20475,1.00,1.00
2010.02.22 07:49:40.429,2.2039,2.2048,1.00,1.00
2010.02.22 07:49:44.482,2.20395,2.2049,1.00,1.00
2010.02.22 07:49:45.190,2.204,2.20495,1.00,1.00
2010.02.22 07:49:46.180,2.204,2.2049,1.00,1.00
2010.02.22 07:49:47.789,2.20425,2.2052,1.00,1.00
2010.02.22 07:49:48.709,2.20395,2.20485,1.00,1.00
2010.02.22 07:49:49.390,2.204,2.20495,1.00,1.00
2010.02.22 07:49:50.300,2.2041,2.20505,1.00,1.00
2010.02.22 07:49:51.449,2.2038,2.20495,1.00,1.00
2010.02.22 07:49:53.858,2.2037,2.20485,1.00,1.00
2010.02.22 07:49:54.099,2.20395,2.20485,1.00,1.00
2010.02.22 07:49:54.578,2.2037,2.20485,1.00,1.00
2010.02.22 07:49:56.927,2.20375,2.20495,1.00,1.00
2010.02.22 07:49:57.499,2.2037,2.20485,1.00,1.00
2010.02.22 07:50:00.467,2.20375,2.2049,1.00,1.00
2010.02.22 07:50:07.634,2.2037,2.20485,1.00,1.00
2010.02.22 07:50:10.674,2.20375,2.2049,1.00,1.00
2010.02.22 07:50:11.014,2.2037,2.20485,1.00,1.00
2010.02.22 07:50:11.459,2.20365,2.20475,1.00,1.00
2010.02.22 07:50:11.614,2.2037,2.20485,1.00,1.00
2010.02.22 07:50:13.685,2.20375,2.2049,1.00,1.00
2010.02.22 07:50:21.261,2.20405,2.20495,1.00,1.00
2010.02.22 07:50:24.950,2.20395,2.2049,1.00,1.00
2010.02.22 07:50:37.340,2.20405,2.20495,1.00,1.00
2010.02.22 07:50:37.508,2.20395,2.2049,1.00,1.00
2010.02.22 07:50:41.857,2.204,2.2049,1.00,1.00
2010.02.22 07:50:43.446,2.20415,2.20505,1.00,1.00
2010.02.22 07:50:45.696,2.2041,2.20505,1.00,1.00
2010.02.22 07:50:46.105,2.20415,2.20505,1.00,1.00
2010.02.22 07:50:49.245,2.2042,2.20515,1.00,1.00
2010.02.22 07:50:50.384,2.2044,2.2053,1.00,1.00
2010.02.22 07:50:51.156,2.2042,2.20515,1.00,1.00
2010.02.22 07:50:51.398,2.20415,2.20505,1.00,1.00
2010.02.22 07:50:54.394,2.204,2.205,1.00,1.00
2010.02.22 07:50:56.448,2.20415,2.20505,1.00,1.00
2010.02.22 07:50:59.956,2.2042,2.20515,1.00,1.00
2010.02.22 07:51:00.506,2.20415,2.20505,1.00,1.00
2010.02.22 07:51:00.822,2.2042,2.20515,1.00,1.00
2010.02.22 07:51:01.917,2.20415,2.20505,1.00,1.00
2010.02.22 07:51:03.351,2.2042,2.20515,1.00,1.00
2010.02.22 07:51:03.691,2.20415,2.20505,1.00,1.00
2010.02.22 07:51:04.031,2.2041,2.20505,1.00,1.00
2010.02.22 07:51:04.981,2.20415,2.20505,1.00,1.00
2010.02.22 07:51:06.742,2.2042,2.2051,1.00,1.00
2010.02.22 07:51:10.989,2.2042,2.20515,1.00,1.00
2010.02.22 07:51:17.059,2.2044,2.20535,1.00,1.00
2010.02.22 07:51:17.466,2.20435,2.2053,1.00,1.00
2010.02.22 07:51:18.877,2.2044,2.20535,1.00,1.00
2010.02.22 07:51:20.707,2.20435,2.20525,1.00,1.00
2010.02.22 07:51:22.797,2.20425,2.2052,1.00,1.00
2010.02.22 07:51:23.294,2.2042,2.20515,1.00,1.00
2010.02.22 07:51:23.956,2.2043,2.2052,1.00,1.00
2010.02.22 07:51:24.246,2.2042,2.20515,1.00,1.00
2010.02.22 07:51:26.197,2.20435,2.20525,1.00,1.00
2010.02.22 07:51:26.338,2.20435,2.2053,1.00,1.00
2010.02.22 07:51:26.855,2.20435,2.20525,1.00,1.00
2010.02.22 07:51:27.935,2.20435,2.2053,1.00,1.00
2010.02.22 07:51:28.276,2.20435,2.20525,1.00,1.00
2010.02.22 07:51:29.560,2.20435,2.2053,1.00,1.00
2010.02.22 07:51:31.895,2.20445,2.20535,1.00,1.00
2010.02.22 07:51:32.875,2.20455,2.20545,1.00,1.00
2010.02.22 07:51:33.135,2.2045,2.20565,1.00,0.88
2010.02.22 07:51:34.814,2.2044,2.20535,1.00,1.00
2010.02.22 07:51:37.073,2.20435,2.20525,1.00,1.00
2010.02.22 07:51:38.663,2.2042,2.20515,1.00,1.00
2010.02.22 07:51:43.072,2.2043,2.2052,1.00,1.00
2010.02.22 07:51:45.973,2.20395,2.2049,1.00,1.00
2010.02.22 07:51:47.172,2.204,2.2049,1.00,1.00
2010.02.22 07:51:47.856,2.20385,2.205,1.00,1.00
2010.02.22 07:51:51.801,2.20375,2.2049,1.00,1.00
2010.02.22 07:51:54.995,2.2035,2.20485,1.00,1.00
2010.02.22 07:51:56.699,2.2036,2.20495,1.00,1.00
2010.02.22 07:52:02.457,2.2034,2.205,0.80,1.00
2010.02.22 07:52:04.118,2.2037,2.2051,1.00,1.00
2010.02.22 07:52:04.804,2.20365,2.2048,1.00,1.00
2010.02.22 07:52:05.996,2.2036,2.20475,1.00,1.00
2010.02.22 07:52:06.336,2.20365,2.2048,1.00,1.00
2010.02.22 07:52:08.785,2.20355,2.2047,1.00,1.00
2010.02.22 07:52:11.055,2.2037,2.20485,1.00,1.00
2010.02.22 07:52:11.566,2.20365,2.2048,1.00,1.00
2010.02.22 07:52:11.878,2.2038,2.2049,1.00,1.00
2010.02.22 07:52:15.450,2.2037,2.20485,1.00,1.00
2010.02.22 07:52:16.092,2.20365,2.2046,1.00,1.00
2010.02.22 07:52:16.296,2.2036,2.2045,1.00,1.00
2010.02.22 07:52:16.503,2.2035,2.20445,1.00,1.00
2010.02.22 07:52:19.559,2.2036,2.2045,1.00,1.00
2010.02.22 07:52:22.503,2.2035,2.20445,1.00,1.00
2010.02.22 07:52:36.533,2.20355,2.20445,1.00,1.00
2010.02.22 07:52:37.999,2.20325,2.20415,1.00,1.00
2010.02.22 07:52:38.421,2.20385,2.2048,1.00,1.00
2010.02.22 07:52:39.208,2.2037,2.20465,1.00,1.00
2010.02.22 07:52:39.549,2.20355,2.20445,1.00,1.00
2010.02.22 07:52:40.607,2.2037,2.2046,1.00,1.00
2010.02.22 07:52:40.738,2.2036,2.2045,1.00,1.00
2010.02.22 07:52:41.333,2.20375,2.2047,1.00,1.00
2010.02.22 07:52:41.647,2.2035,2.20465,1.00,1.00
2010.02.22 07:53:00.356,2.20355,2.2047,1.00,1.00
2010.02.22 07:53:02.343,2.20365,2.20475,1.00,1.00
2010.02.22 07:53:02.522,2.20365,2.2048,1.00,1.00
2010.02.22 07:53:12.323,2.2036,2.2045,1.00,1.00
2010.02.22 07:53:12.520,2.20365,2.2048,1.00,1.00
2010.02.22 07:53:12.923,2.20355,2.2047,1.00,1.00
2010.02.22 07:53:18.189,2.20355,2.20465,1.00,1.00
2010.02.22 07:53:19.137,2.2035,2.2044,1.00,1.00
2010.02.22 07:53:19.481,2.20355,2.2045,1.00,1.00
2010.02.22 07:53:20.498,2.2033,2.20445,1.00,1.00
2010.02.22 07:53:20.901,2.2032,2.20435,1.00,1.00
2010.02.22 07:53:21.242,2.2035,2.2044,1.00,1.00
2010.02.22 07:53:22.077,2.2032,2.20435,1.00,1.00
2010.02.22 07:53:25.054,2.2033,2.20445,1.00,1.00
2010.02.22 07:53:25.638,2.20335,2.2045,1.00,1.00
2010.02.22 07:53:25.917,2.20325,2.20415,1.00,1.00
2010.02.22 07:53:26.597,2.2033,2.20425,1.00,1.00
2010.02.22 07:53:32.336,2.20335,2.20425,1.00,1.00
2010.02.22 07:53:35.734,2.2035,2.20445,1.00,1.00
2010.02.22 07:53:36.864,2.20335,2.20425,1.00,1.00
2010.02.22 07:53:48.254,2.2035,2.20445,1.00,1.00
2010.02.22 07:53:50.814,2.2036,2.2045,1.00,1.00
2010.02.22 07:53:50.931,2.20365,2.20455,1.00,1.00
2010.02.22 07:53:53.403,2.2038,2.20475,1.00,1.00
2010.02.22 07:53:55.634,2.20385,2.205,1.00,1.00
2010.02.22 07:53:56.969,2.20395,2.2051,1.00,1.00
2010.02.22 07:53:57.610,2.2039,2.20505,1.00,0.88
2010.02.22 07:53:59.296,2.20395,2.2051,1.00,1.00
2010.02.22 07:54:00.719,2.204,2.20515,1.00,1.00
2010.02.22 07:54:01.938,2.2041,2.20525,1.00,1.00
2010.02.22 07:54:03.838,2.20415,2.2053,1.00,1.00
2010.02.22 07:54:04.088,2.2041,2.20525,1.00,1.00
2010.02.22 07:54:07.993,2.20415,2.2053,1.00,1.00
2010.02.22 07:54:08.091,2.20425,2.20535,1.00,1.00
2010.02.22 07:54:09.787,2.2042,2.20535,1.00,1.00
2010.02.22 07:54:13.179,2.20415,2.2053,1.00,1.00
2010.02.22 07:54:16.775,2.20405,2.2052,1.00,1.00
2010.02.22 07:54:19.642,2.2039,2.20505,1.00,1.00
2010.02.22 07:54:19.975,2.20395,2.20505,1.00,1.00
2010.02.22 07:54:20.314,2.20385,2.205,1.00,1.00
2010.02.22 07:54:24.073,2.20405,2.20495,1.00,1.00
2010.02.22 07:54:24.774,2.204,2.20535,1.00,1.00
2010.02.22 07:54:25.231,2.20425,2.20515,1.00,1.00
2010.02.22 07:54:25.553,2.2041,2.205,1.00,1.00
2010.02.22 07:54:26.383,2.20425,2.20515,1.00,1.00
2010.02.22 07:54:27.495,2.20415,2.20505,1.00,1.00
2010.02.22 07:54:28.222,2.2041,2.205,1.00,1.00
2010.02.22 07:54:28.373,2.204,2.20495,1.00,1.00
2010.02.22 07:54:30.532,2.2041,2.205,1.00,1.00
2010.02.22 07:54:31.602,2.20415,2.20505,1.00,1.00
2010.02.22 07:54:34.810,2.2041,2.205,1.00,1.00
2010.02.22 07:54:39.399,2.20415,2.20505,1.00,1.00
2010.02.22 07:55:14.382,2.20405,2.20495,1.00,1.00
2010.02.22 07:55:15.029,2.20415,2.20505,1.00,1.00
2010.02.22 07:55:31.451,2.20405,2.20495,1.00,1.00
2010.02.22 07:55:31.558,2.20415,2.20505,1.00,1.00
2010.02.22 07:55:34.309,2.20425,2.20535,1.00,1.00
2010.02.22 07:55:34.636,2.20425,2.20515,1.00,1.00
2010.02.22 07:55:35.417,2.20455,2.20545,1.00,1.00
2010.02.22 07:55:36.355,2.2046,2.2055,1.00,1.00
2010.02.22 07:55:37.335,2.2047,2.2056,1.00,1.00
2010.02.22 07:55:38.317,2.20455,2.20545,1.00,1.00
2010.02.22 07:55:38.635,2.2044,2.20535,1.00,1.00
2010.02.22 07:55:39.396,2.2042,2.2052,1.00,1.00
2010.02.22 07:55:40.174,2.2043,2.20525,1.00,1.00
2010.02.22 07:55:42.217,2.2044,2.2053,1.00,1.00
2010.02.22 07:55:43.054,2.2044,2.20535,1.00,1.00
2010.02.22 07:55:46.634,2.20435,2.2053,1.00,1.00
2010.02.22 07:55:47.133,2.2044,2.20535,1.00,1.00
2010.02.22 07:55:49.422,2.20445,2.20535,1.00,1.00
2010.02.22 07:55:53.851,2.2044,2.20535,1.00,1.00
2010.02.22 07:55:54.191,2.20445,2.20535,1.00,1.00
2010.02.22 07:55:56.737,2.2044,2.20535,1.00,1.00
2010.02.22 07:55:57.800,2.20475,2.20565,1.00,1.00
2010.02.22 07:55:58.372,2.2044,2.20535,1.00,1.00
2010.02.22 07:56:00.276,2.20475,2.20565,1.00,1.00
2010.02.22 07:56:02.171,2.20445,2.2056,1.00,1.00
2010.02.22 07:56:02.290,2.2044,2.20535,1.00,1.00
2010.02.22 07:56:04.297,2.2045,2.2056,1.00,1.00
2010.02.22 07:56:11.927,2.20475,2.2059,1.00,1.00
2010.02.22 07:56:12.409,2.20455,2.2057,1.00,1.00
2010.02.22 07:56:12.537,2.2045,2.2056,1.00,1.00
2010.02.22 07:56:13.258,2.2045,2.2057,1.00,1.00
2010.02.22 07:56:14.336,2.2045,2.2056,1.00,1.00
2010.02.22 07:56:20.505,2.2044,2.20555,1.00,1.00
2010.02.22 07:56:20.705,2.20435,2.2055,1.00,1.00
2010.02.22 07:56:22.962,2.2045,2.2056,1.00,1.00
2010.02.22 07:56:23.055,2.20445,2.2056,1.00,0.88
2010.02.22 07:56:24.514,2.2045,2.2057,1.00,0.88
2010.02.22 07:56:26.774,2.20465,2.20555,1.00,1.00
2010.02.22 07:56:48.578,2.20455,2.2055,1.00,1.00
2010.02.22 07:56:51.318,2.2045,2.2054,1.00,1.00
2010.02.22 07:56:51.989,2.2044,2.20535,1.00,1.00
2010.02.22 07:56:52.917,2.20425,2.20515,1.00,1.00
2010.02.22 07:56:55.057,2.2044,2.2053,1.00,1.00
2010.02.22 07:56:55.252,2.2043,2.20525,1.00,1.00
2010.02.22 07:56:55.447,2.20425,2.20515,1.00,1.00
2010.02.22 07:56:56.336,2.20445,2.2054,1.00,1.00
2010.02.22 07:56:56.616,2.2046,2.2055,1.00,1.00
2010.02.22 07:56:56.896,2.2046,2.20555,1.00,1.00
2010.02.22 07:56:58.067,2.20455,2.20545,1.00,1.00
2010.02.22 07:56:58.678,2.20445,2.2054,1.00,1.00
2010.02.22 07:56:58.957,2.20445,2.20535,1.00,1.00
2010.02.22 07:56:59.296,2.20435,2.2053,1.00,1.00
2010.02.22 07:57:03.134,2.2043,2.2052,1.00,1.00
2010.02.22 07:57:04.084,2.20435,2.2053,1.00,1.00
2010.02.22 07:57:09.913,2.20445,2.20535,1.00,1.00
2010.02.22 07:57:14.393,2.2044,2.20535,1.00,1.00
2010.02.22 07:57:15.046,2.2046,2.2055,1.00,1.00
2010.02.22 07:57:15.372,2.2044,2.20535,1.00,1.00
2010.02.22 07:57:16.381,2.2045,2.2054,1.00,1.00
2010.02.22 07:57:18.373,2.20435,2.20525,1.00,1.00
2010.02.22 07:57:21.380,2.20425,2.2052,1.00,1.00
2010.02.22 07:57:22.110,2.20415,2.20515,1.00,1.00
2010.02.22 07:57:22.654,2.204,2.205,1.00,1.00
2010.02.22 07:57:25.509,2.2042,2.2051,1.00,1.00
2010.02.22 07:57:26.360,2.204,2.20495,1.00,1.00
2010.02.22 07:57:29.468,2.20395,2.20485,1.00,1.00
2010.02.22 07:57:32.349,2.204,2.20495,1.00,1.00
2010.02.22 07:57:41.235,2.2042,2.2051,1.00,1.00
2010.02.22 07:57:44.035,2.204,2.20495,1.00,1.00
2010.02.22 07:57:46.135,2.20405,2.20495,1.00,1.00
2010.02.22 07:57:53.534,2.2043,2.20525,1.00,1.00
2010.02.22 07:57:53.974,2.20415,2.20515,1.00,1.00
2010.02.22 07:58:00.061,2.2037,2.20465,1.00,1.00
2010.02.22 07:58:00.401,2.204,2.20495,1.00,1.00
2010.02.22 07:58:01.001,2.20415,2.20515,1.00,1.00
2010.02.22 07:58:02.130,2.2037,2.20465,1.00,1.00
2010.02.22 07:58:02.873,2.204,2.20495,1.00,1.00
2010.02.22 07:58:03.074,2.20415,2.20515,1.00,1.00
2010.02.22 07:58:05.080,2.2037,2.20465,1.00,1.00
2010.02.22 07:58:05.420,2.20355,2.20455,1.00,1.00
2010.02.22 07:58:06.281,2.20385,2.2048,1.00,1.00
2010.02.22 07:58:07.333,2.20395,2.20485,1.00,1.00
2010.02.22 07:58:11.328,2.20345,2.2044,1.00,1.00
2010.02.22 07:58:11.579,2.2038,2.2047,1.00,1.00
2010.02.22 07:58:11.918,2.20395,2.20485,1.00,1.00
2010.02.22 07:58:14.202,2.20345,2.2044,1.00,1.00
2010.02.22 07:58:14.538,2.20395,2.20485,1.00,1.00
2010.02.22 07:58:15.765,2.20365,2.2048,1.00,1.00
2010.02.22 07:58:17.747,2.20335,2.20425,1.00,1.00
2010.02.22 07:58:18.276,2.2032,2.2041,1.00,1.00
2010.02.22 07:58:19.956,2.20305,2.20395,1.00,1.00
2010.02.22 07:58:20.365,2.20315,2.20405,1.00,1.00
2010.02.22 07:58:20.576,2.20345,2.2044,1.00,1.00
2010.02.22 07:58:21.440,2.20335,2.2043,1.00,1.00
2010.02.22 07:58:22.795,2.2033,2.20425,1.00,1.00
2010.02.22 07:58:23.415,2.20335,2.20425,1.00,1.00
2010.02.22 07:58:25.104,2.20305,2.20395,1.00,1.00
2010.02.22 07:58:26.479,2.20305,2.204,1.00,1.00
2010.02.22 07:58:26.666,2.2031,2.20405,1.00,1.00
2010.02.22 07:58:27.444,2.2029,2.2039,1.00,1.00
2010.02.22 07:58:29.600,2.20295,2.2039,1.00,1.00
2010.02.22 07:58:35.449,2.2029,2.2039,1.00,1.00
2010.02.22 07:58:37.801,2.203,2.20395,1.00,1.00
2010.02.22 07:58:38.915,2.20295,2.2039,1.00,1.00
2010.02.22 07:58:40.181,2.2028,2.20375,1.00,1.00
2010.02.22 07:58:40.453,2.203,2.20395,1.00,1.00
2010.02.22 07:58:46.066,2.20315,2.20405,1.00,1.00
2010.02.22 07:58:47.611,2.2031,2.204,1.00,1.00
2010.02.22 07:58:48.841,2.20315,2.20405,1.00,1.00
2010.02.22 07:58:49.713,2.20285,2.20375,1.00,1.00
2010.02.22 07:58:51.128,2.20255,2.20345,1.00,1.00
2010.02.22 07:58:51.469,2.2027,2.2036,1.00,1.00
2010.02.22 07:58:51.678,2.20285,2.20375,1.00,1.00
2010.02.22 07:58:53.629,2.20275,2.2037,1.00,1.00
2010.02.22 07:58:53.719,2.2028,2.2037,1.00,1.00
2010.02.22 07:58:54.060,2.20315,2.20405,1.00,1.00
2010.02.22 07:58:54.748,2.2031,2.204,1.00,1.00
2010.02.22 07:59:01.243,2.20295,2.20385,1.00,1.00
2010.02.22 07:59:01.506,2.2031,2.204,1.00,1.00
2010.02.22 07:59:06.729,2.20315,2.20405,1.00,1.00
2010.02.22 07:59:07.984,2.203,2.2039,1.00,1.00
2010.02.22 07:59:08.198,2.20295,2.20385,1.00,1.00
2010.02.22 07:59:08.645,2.2028,2.20375,1.00,1.00
2010.02.22 07:59:08.746,2.20275,2.20365,1.00,1.00
2010.02.22 07:59:09.549,2.20285,2.2038,1.00,1.00
2010.02.22 07:59:09.884,2.2032,2.2041,1.00,1.00
2010.02.22 07:59:10.336,2.20285,2.2038,1.00,1.00
2010.02.22 07:59:10.674,2.2029,2.2038,1.00,1.00
2010.02.22 07:59:12.043,2.20265,2.2036,1.00,1.00
2010.02.22 07:59:12.508,2.20275,2.20365,1.00,1.00
2010.02.22 07:59:12.643,2.20265,2.2036,1.00,1.00
2010.02.22 07:59:13.843,2.20275,2.20365,1.00,1.00
2010.02.22 07:59:14.453,2.20285,2.2038,1.00,1.00
2010.02.22 07:59:15.563,2.2028,2.2037,1.00,1.00
2010.02.22 07:59:15.894,2.20265,2.20355,1.00,1.00
2010.02.22 07:59:17.702,2.20285,2.20375,1.00,1.00
2010.02.22 07:59:18.482,2.203,2.2039,1.00,1.00
2010.02.22 07:59:18.822,2.2029,2.20385,1.00,1.00
2010.02.22 07:59:19.901,2.20275,2.2037,1.00,1.00
2010.02.22 07:59:20.642,2.20285,2.2038,1.00,1.00
2010.02.22 07:59:21.731,2.20265,2.20355,1.00,1.00
2010.02.22 07:59:23.491,2.20255,2.2035,1.00,1.00
2010.02.22 07:59:24.041,2.20245,2.20335,1.00,1.00
2010.02.22 07:59:25.043,2.2024,2.20335,1.00,1.00
2010.02.22 07:59:26.450,2.2025,2.2034,1.00,1.00
2010.02.22 07:59:28.320,2.20235,2.20325,1.00,1.00
2010.02.22 07:59:29.591,2.20255,2.2035,1.00,1.00
2010.02.22 07:59:31.040,2.2024,2.20335,1.00,1.00
2010.02.22 07:59:32.214,2.2024,2.2033,1.00,1.00
2010.02.22 07:59:33.022,2.2023,2.2035,0.80,1.00
2010.02.22 07:59:35.100,2.2027,2.2036,1.00,1.00
2010.02.22 07:59:35.400,2.2026,2.2035,1.00,1.00
2010.02.22 07:59:36.259,2.20255,2.20345,1.00,1.00
2010.02.22 07:59:37.982,2.20255,2.2035,1.00,1.00
2010.02.22 07:59:38.727,2.20245,2.20335,1.00,1.00
2010.02.22 07:59:38.937,2.20265,2.20355,1.00,1.00
2010.02.22 07:59:39.357,2.20245,2.20335,1.00,1.00
2010.02.22 07:59:40.027,2.2023,2.2032,1.00,1.00
2010.02.22 07:59:40.667,2.20245,2.2034,1.00,1.00
2010.02.22 07:59:41.407,2.2024,2.2033,1.00,1.00
2010.02.22 07:59:41.747,2.20225,2.20315,1.00,1.00
2010.02.22 07:59:42.147,2.20245,2.20335,1.00,1.00
2010.02.22 07:59:42.356,2.20245,2.2034,1.00,1.00
2010.02.22 07:59:42.566,2.20245,2.20335,1.00,1.00
2010.02.22 07:59:44.461,2.20275,2.20365,1.00,1.00
2010.02.22 07:59:44.797,2.2029,2.2038,1.00,1.00
2010.02.22 07:59:48.476,2.20275,2.20365,1.00,1.00
2010.02.22 07:59:50.826,2.2028,2.20375,1.00,1.00
2010.02.22 07:59:53.542,2.20275,2.2037,1.00,1.00
2010.02.22 07:59:55.433,2.20275,2.20365,1.00,1.00
2010.02.22 07:59:56.504,2.20265,2.2036,1.00,1.00
2010.02.22 07:59:57.536,2.2025,2.20345,1.00,1.00
