2016.07.26 07:00:00.026,1.85866,1.85924,1.00,1.00
2016.07.26 07:00:00.380,1.85866,1.85924,1.00,1.37
2016.07.26 07:00:00.431,1.85857,1.85915,1.00,1.00
2016.07.26 07:00:00.533,1.85844,1.85904,1.00,1.00
2016.07.26 07:00:00.634,1.85841,1.85898,1.50,1.00
2016.07.26 07:00:00.736,1.85841,1.85896,1.00,1.00
2016.07.26 07:00:00.787,1.85834,1.85894,1.00,1.00
2016.07.26 07:00:00.939,1.85829,1.85889,1.00,1.00
2016.07.26 07:00:01.042,1.85834,1.85894,1.00,1.50
2016.07.26 07:00:01.092,1.85834,1.85889,1.00,1.00
2016.07.26 07:00:01.193,1.8584,1.85898,1.00,1.75
2016.07.26 07:00:01.295,1.8584,1.85898,1.00,1.00
2016.07.26 07:00:01.417,1.85834,1.85894,1.00,1.00
2016.07.26 07:00:02.296,1.85834,1.85893,1.37,1.00
2016.07.26 07:00:02.412,1.85835,1.85894,1.75,1.00
2016.07.26 07:00:02.464,1.85853,1.85911,1.00,3.00
2016.07.26 07:00:02.515,1.85858,1.85911,1.00,2.25
2016.07.26 07:00:02.566,1.85858,1.85915,1.00,1.37
2016.07.26 07:00:02.667,1.85858,1.85916,1.37,1.37
2016.07.26 07:00:02.718,1.85867,1.8592,1.00,1.00
2016.07.26 07:00:02.768,1.85873,1.85926,1.00,1.12
2016.07.26 07:00:02.819,1.85873,1.85927,1.00,1.75
2016.07.26 07:00:02.870,1.85867,1.85926,1.00,1.75
2016.07.26 07:00:02.974,1.85863,1.85921,1.00,1.00
2016.07.26 07:00:03.077,1.85859,1.85916,1.50,1.00
2016.07.26 07:00:03.181,1.85858,1.85916,1.37,1.00
2016.07.26 07:00:03.282,1.85858,1.85916,1.00,1.00
2016.07.26 07:00:03.818,1.85863,1.85919,1.00,1.00
2016.07.26 07:00:03.969,1.85858,1.85916,1.00,1.00
2016.07.26 07:00:04.020,1.85858,1.85916,1.37,1.00
2016.07.26 07:00:04.121,1.8585,1.85909,1.75,1.00
2016.07.26 07:00:04.172,1.8585,1.85905,1.75,1.00
2016.07.26 07:00:04.222,1.8585,1.85905,1.37,1.00
2016.07.26 07:00:04.273,1.8585,1.85905,1.00,1.00
2016.07.26 07:00:04.717,1.8585,1.85896,1.00,1.00
2016.07.26 07:00:04.819,1.8585,1.85903,1.00,1.12
2016.07.26 07:00:04.920,1.8585,1.85908,1.00,1.75
2016.07.26 07:00:05.072,1.8585,1.85908,1.00,1.37
2016.07.26 07:00:05.123,1.8585,1.85908,1.00,1.00
2016.07.26 07:00:05.346,1.85853,1.85914,1.00,1.37
2016.07.26 07:00:05.453,1.8585,1.85908,1.00,1.00
2016.07.26 07:00:07.236,1.8585,1.85903,1.00,1.00
2016.07.26 07:00:07.438,1.8585,1.85906,1.00,1.00
2016.07.26 07:00:08.430,1.8585,1.85912,1.00,1.00
2016.07.26 07:00:08.480,1.85857,1.85916,1.00,1.50
2016.07.26 07:00:08.581,1.85857,1.85916,1.00,1.37
2016.07.26 07:00:08.632,1.85857,1.85916,1.00,1.00
2016.07.26 07:00:08.784,1.85862,1.85919,1.00,1.00
2016.07.26 07:00:09.153,1.85855,1.85913,1.00,1.00
2016.07.26 07:00:09.204,1.8585,1.85907,1.12,1.00
2016.07.26 07:00:09.305,1.8585,1.85907,1.00,1.00
2016.07.26 07:00:10.613,1.85852,1.85912,1.00,1.00
2016.07.26 07:00:10.722,1.85856,1.85917,1.00,1.75
2016.07.26 07:00:10.823,1.85856,1.85917,1.37,1.00
2016.07.26 07:00:10.925,1.85856,1.85917,1.00,1.00
2016.07.26 07:00:11.077,1.85861,1.85919,1.00,1.00
2016.07.26 07:00:12.568,1.85861,1.85909,1.00,1.37
2016.07.26 07:00:12.619,1.85861,1.85903,1.00,1.12
2016.07.26 07:00:13.757,1.85861,1.85904,1.00,1.12
2016.07.26 07:00:14.404,1.85861,1.85903,1.00,1.12
2016.07.26 07:00:14.464,1.85861,1.85909,1.00,1.12
2016.07.26 07:00:15.067,1.85861,1.85908,1.00,1.12
2016.07.26 07:00:15.205,1.85861,1.85904,1.00,1.12
2016.07.26 07:00:16.569,1.85861,1.85909,1.00,1.12
2016.07.26 07:00:16.655,1.85861,1.85909,1.00,1.87
2016.07.26 07:00:16.706,1.85861,1.85903,1.00,1.12
2016.07.26 07:00:17.209,1.85861,1.85904,1.00,1.12
2016.07.26 07:00:17.364,1.85861,1.85908,1.00,3.00
2016.07.26 07:00:17.465,1.85861,1.85908,1.00,2.62
2016.07.26 07:00:17.516,1.85861,1.85908,1.00,3.00
2016.07.26 07:00:17.567,1.85861,1.85908,1.00,3.37
2016.07.26 07:00:17.659,1.85861,1.85908,1.00,4.12
2016.07.26 07:00:17.760,1.85861,1.85908,1.00,3.37
2016.07.26 07:00:17.861,1.85861,1.85908,1.00,4.12
2016.07.26 07:00:17.911,1.85861,1.85904,1.00,1.12
2016.07.26 07:00:18.013,1.85861,1.85908,1.00,3.37
2016.07.26 07:00:18.064,1.85861,1.85908,1.00,1.00
2016.07.26 07:00:18.114,1.85861,1.85908,1.00,1.37
2016.07.26 07:00:18.165,1.85861,1.85908,1.00,1.87
2016.07.26 07:00:18.346,1.85861,1.85899,1.00,1.00
2016.07.26 07:00:18.397,1.85861,1.85903,1.00,1.12
2016.07.26 07:00:18.460,1.85861,1.85899,1.00,1.12
2016.07.26 07:00:18.511,1.85861,1.85899,1.00,1.50
2016.07.26 07:00:18.561,1.85861,1.85898,1.00,1.12
2016.07.26 07:00:18.613,1.85861,1.85898,1.00,1.50
2016.07.26 07:00:18.664,1.85861,1.85896,1.00,1.09
2016.07.26 07:00:18.715,1.85861,1.85894,1.00,1.37
2016.07.26 07:00:19.778,1.85861,1.85894,1.00,1.12
2016.07.26 07:00:20.478,1.85861,1.85889,1.00,1.00
2016.07.26 07:00:20.682,1.85861,1.85889,1.00,1.12
2016.07.26 07:00:21.584,1.85861,1.85894,1.00,1.12
2016.07.26 07:00:21.717,1.85861,1.85898,1.00,1.12
2016.07.26 07:00:21.819,1.85861,1.85908,1.00,1.75
2016.07.26 07:00:21.921,1.85861,1.85908,1.00,1.37
2016.07.26 07:00:21.971,1.85861,1.85908,1.00,1.00
2016.07.26 07:00:22.517,1.85861,1.85908,1.00,2.25
2016.07.26 07:00:22.631,1.85861,1.859,1.00,1.00
2016.07.26 07:00:22.682,1.85861,1.85901,1.00,1.00
2016.07.26 07:00:22.834,1.85861,1.85901,1.00,1.37
2016.07.26 07:00:22.885,1.85861,1.85898,1.00,1.37
2016.07.26 07:00:22.937,1.85861,1.85895,1.00,1.12
2016.07.26 07:00:23.194,1.85861,1.85889,1.00,1.37
2016.07.26 07:00:23.269,1.85861,1.85888,1.00,1.12
2016.07.26 07:00:23.319,1.85861,1.85888,1.00,1.37
2016.07.26 07:00:23.370,1.85861,1.85893,1.00,1.09
2016.07.26 07:00:23.595,1.85861,1.85893,1.00,1.34
2016.07.26 07:00:23.772,1.85861,1.85893,1.00,1.00
2016.07.26 07:00:24.097,1.85861,1.85895,1.00,1.12
2016.07.26 07:00:24.150,1.8586,1.85893,1.00,1.50
2016.07.26 07:00:24.216,1.8586,1.85886,1.00,1.00
2016.07.26 07:00:25.000,1.85859,1.85887,1.00,1.12
2016.07.26 07:00:25.100,1.85859,1.85887,1.00,1.37
2016.07.26 07:00:25.151,1.85848,1.85887,1.00,1.37
2016.07.26 07:00:25.202,1.85827,1.85884,1.00,1.37
2016.07.26 07:00:25.265,1.8582,1.85878,1.12,1.00
2016.07.26 07:00:25.316,1.8582,1.85878,1.00,1.00
2016.07.26 07:00:25.366,1.85825,1.85882,1.00,1.12
2016.07.26 07:00:25.417,1.85825,1.85882,1.00,1.00
2016.07.26 07:00:25.819,1.85825,1.85878,1.00,1.00
2016.07.26 07:00:26.474,1.85825,1.85882,1.00,1.00
2016.07.26 07:00:26.574,1.85825,1.85879,1.00,1.00
2016.07.26 07:00:26.637,1.8582,1.85878,1.00,1.00
2016.07.26 07:00:27.215,1.8582,1.85878,1.00,1.12
2016.07.26 07:00:27.266,1.8582,1.85878,1.00,1.87
2016.07.26 07:00:27.376,1.85816,1.85873,1.00,1.00
2016.07.26 07:00:27.427,1.85809,1.85866,1.37,1.00
2016.07.26 07:00:27.781,1.85809,1.85866,1.00,1.00
2016.07.26 07:00:27.832,1.85813,1.85872,1.00,1.00
2016.07.26 07:00:29.429,1.85819,1.85876,1.00,1.00
2016.07.26 07:00:29.734,1.85823,1.85882,1.00,1.50
2016.07.26 07:00:30.589,1.85813,1.8587,1.00,1.00
2016.07.26 07:00:32.082,1.85807,1.85864,1.50,1.00
2016.07.26 07:00:32.214,1.85815,1.85872,1.00,1.00
2016.07.26 07:00:32.265,1.85809,1.85867,1.00,1.00
2016.07.26 07:00:32.434,1.85805,1.85862,1.00,1.00
2016.07.26 07:00:33.289,1.858,1.85857,1.12,1.00
2016.07.26 07:00:33.390,1.85795,1.85852,1.00,1.00
2016.07.26 07:00:33.691,1.85789,1.85837,1.12,1.00
2016.07.26 07:00:33.742,1.85784,1.85837,1.75,1.00
2016.07.26 07:00:33.843,1.85784,1.85834,1.37,1.00
2016.07.26 07:00:33.894,1.85784,1.85827,1.00,1.00
2016.07.26 07:00:34.197,1.85784,1.85818,1.00,1.00
2016.07.26 07:00:34.542,1.85784,1.85824,1.00,1.00
2016.07.26 07:00:34.847,1.85784,1.85819,1.00,1.00
2016.07.26 07:00:34.948,1.85784,1.85838,1.00,2.25
2016.07.26 07:00:34.999,1.85784,1.85838,1.00,1.00
2016.07.26 07:00:35.100,1.85779,1.85838,1.00,1.00
2016.07.26 07:00:35.225,1.85789,1.85842,1.00,1.12
2016.07.26 07:00:35.276,1.85789,1.85842,1.00,1.00
2016.07.26 07:00:35.579,1.85791,1.85842,1.00,1.00
2016.07.26 07:00:38.083,1.85791,1.85842,1.00,1.37
2016.07.26 07:00:38.285,1.85791,1.85842,1.00,1.75
2016.07.26 07:00:38.336,1.85791,1.85838,1.00,1.87
2016.07.26 07:00:38.386,1.85791,1.85835,1.00,1.12
2016.07.26 07:00:38.538,1.85791,1.85828,1.00,1.12
2016.07.26 07:00:38.588,1.85791,1.85826,1.00,1.12
2016.07.26 07:00:38.639,1.85791,1.85819,1.00,1.00
2016.07.26 07:00:38.740,1.85791,1.85826,1.00,1.12
2016.07.26 07:00:38.875,1.8577,1.85827,1.00,1.75
2016.07.26 07:00:38.926,1.85757,1.85808,1.50,1.00
2016.07.26 07:00:39.238,1.85757,1.85798,1.50,1.00
2016.07.26 07:00:39.289,1.85757,1.85813,1.50,1.75
2016.07.26 07:00:39.339,1.85765,1.85823,1.00,2.32
2016.07.26 07:00:39.440,1.85776,1.85826,1.00,1.95
2016.07.26 07:00:39.550,1.8578,1.85839,1.00,1.37
2016.07.26 07:00:39.601,1.8578,1.85839,1.37,1.00
2016.07.26 07:00:39.803,1.8578,1.85839,1.00,1.00
2016.07.26 07:00:39.854,1.85786,1.85842,1.00,1.50
2016.07.26 07:00:41.392,1.85795,1.85842,1.00,1.00
2016.07.26 07:00:41.696,1.85824,1.85842,1.00,1.00
2016.07.26 07:00:41.797,1.85819,1.85842,1.00,1.00
2016.07.26 07:00:41.847,1.85824,1.85842,1.00,1.00
2016.07.26 07:00:41.898,1.85829,1.85853,1.00,1.00
2016.07.26 07:00:42.003,1.85829,1.85855,1.00,1.00
2016.07.26 07:00:42.053,1.85834,1.85857,1.00,1.00
2016.07.26 07:00:42.913,1.85834,1.85858,1.00,1.00
2016.07.26 07:00:43.367,1.85834,1.85856,1.00,1.00
2016.07.26 07:00:43.805,1.85834,1.85875,1.00,1.00
2016.07.26 07:00:43.857,1.85834,1.85889,1.00,1.00
2016.07.26 07:00:43.908,1.85834,1.85889,1.00,1.50
2016.07.26 07:00:44.009,1.85834,1.85888,1.00,1.00
2016.07.26 07:00:44.497,1.85829,1.85886,1.00,1.00
2016.07.26 07:00:44.547,1.85822,1.85879,1.00,1.37
2016.07.26 07:00:44.598,1.85822,1.85879,1.00,1.75
2016.07.26 07:00:44.649,1.85826,1.85884,1.00,1.12
2016.07.26 07:00:44.699,1.85821,1.85878,1.00,1.75
2016.07.26 07:00:45.775,1.85814,1.85873,1.00,1.75
2016.07.26 07:00:45.825,1.85809,1.85866,1.00,1.00
2016.07.26 07:00:45.882,1.85809,1.85866,1.00,1.37
2016.07.26 07:00:45.933,1.85809,1.85866,1.00,1.75
2016.07.26 07:00:46.230,1.85804,1.85862,1.00,1.75
2016.07.26 07:00:46.583,1.85795,1.85852,1.00,1.50
2016.07.26 07:00:46.684,1.85795,1.85852,1.00,1.75
2016.07.26 07:00:47.133,1.858,1.85858,1.00,2.32
2016.07.26 07:00:47.234,1.858,1.85859,1.00,2.25
2016.07.26 07:00:47.338,1.85805,1.85859,1.00,1.75
2016.07.26 07:00:47.601,1.85805,1.85864,1.00,1.75
2016.07.26 07:00:47.853,1.85799,1.85858,1.00,1.75
2016.07.26 07:00:48.990,1.85805,1.85862,1.00,1.75
2016.07.26 07:00:49.639,1.85801,1.85857,1.00,1.75
2016.07.26 07:00:50.843,1.85806,1.85862,1.00,1.75
2016.07.26 07:00:51.271,1.858,1.85859,1.00,1.75
2016.07.26 07:00:51.372,1.85816,1.85865,1.00,2.32
2016.07.26 07:00:51.474,1.85816,1.85873,1.00,3.07
2016.07.26 07:00:51.524,1.85816,1.85873,1.00,2.70
2016.07.26 07:00:51.575,1.85821,1.85877,1.00,1.75
2016.07.26 07:00:51.626,1.8583,1.85883,1.00,1.12
2016.07.26 07:00:51.677,1.8583,1.85886,1.00,1.75
2016.07.26 07:00:51.829,1.85841,1.85889,1.00,2.32
2016.07.26 07:00:51.879,1.85835,1.85894,1.00,1.75
2016.07.26 07:00:51.987,1.85846,1.85903,1.00,1.12
2016.07.26 07:00:52.526,1.85846,1.85904,1.00,1.12
2016.07.26 07:00:53.477,1.85846,1.85905,1.00,1.75
2016.07.26 07:00:53.959,1.85846,1.85904,1.00,1.12
2016.07.26 07:00:54.077,1.85846,1.85905,1.00,1.75
2016.07.26 07:00:54.178,1.85842,1.85899,1.00,1.12
2016.07.26 07:00:54.230,1.85835,1.85893,1.00,1.00
2016.07.26 07:00:54.280,1.8583,1.85889,1.00,1.00
2016.07.26 07:00:54.331,1.85827,1.85883,1.00,1.00
2016.07.26 07:00:54.483,1.85827,1.85883,1.00,1.37
2016.07.26 07:00:54.534,1.85827,1.85883,1.00,1.75
2016.07.26 07:00:54.794,1.8583,1.85889,1.00,1.75
2016.07.26 07:00:54.946,1.8583,1.85889,1.00,1.37
2016.07.26 07:00:55.400,1.8583,1.85889,1.00,1.50
2016.07.26 07:00:55.451,1.8583,1.85889,1.00,1.87
2016.07.26 07:00:55.787,1.85825,1.85882,1.00,1.75
2016.07.26 07:00:55.838,1.85825,1.85879,1.00,1.75
2016.07.26 07:00:55.889,1.85811,1.8587,1.00,1.00
2016.07.26 07:00:55.991,1.85811,1.8587,1.00,1.37
2016.07.26 07:00:56.042,1.85811,1.8587,1.00,1.75
2016.07.26 07:00:56.092,1.85811,1.85868,1.00,1.12
2016.07.26 07:00:56.360,1.85805,1.85864,1.00,1.75
2016.07.26 07:00:56.411,1.85805,1.85864,1.00,1.87
2016.07.26 07:00:56.461,1.858,1.85859,1.00,1.75
2016.07.26 07:00:56.764,1.85791,1.8585,1.00,1.75
2016.07.26 07:00:56.937,1.85791,1.85849,1.00,1.12
2016.07.26 07:00:57.090,1.85791,1.8585,1.00,1.75
2016.07.26 07:00:57.342,1.85776,1.85833,1.00,1.00
2016.07.26 07:00:57.393,1.85776,1.85833,1.00,1.50
2016.07.26 07:00:57.466,1.85776,1.85833,1.00,1.87
2016.07.26 07:00:57.517,1.85769,1.85828,1.00,1.75
2016.07.26 07:00:57.920,1.85769,1.85828,1.00,2.62
2016.07.26 07:00:58.190,1.85769,1.85827,1.00,1.75
2016.07.26 07:00:58.241,1.85769,1.85827,1.00,1.75
2016.07.26 07:00:58.291,1.85774,1.85831,1.00,2.32
2016.07.26 07:00:58.342,1.8577,1.85826,1.00,1.75
2016.07.26 07:00:58.393,1.8577,1.85816,1.00,1.00
2016.07.26 07:00:58.444,1.8577,1.85826,1.00,1.75
2016.07.26 07:00:58.660,1.85775,1.85832,1.00,1.75
2016.07.26 07:00:58.711,1.85779,1.85833,1.00,1.75
2016.07.26 07:00:58.762,1.85779,1.85833,1.00,1.37
2016.07.26 07:00:58.814,1.85779,1.85838,1.00,1.75
2016.07.26 07:00:59.297,1.85773,1.85831,1.00,1.00
2016.07.26 07:00:59.398,1.85773,1.8583,1.00,1.00
2016.07.26 07:00:59.512,1.85773,1.85831,1.00,1.00
2016.07.26 07:01:01.587,1.85773,1.8583,1.00,1.00
2016.07.26 07:01:02.135,1.85773,1.85829,1.00,1.00
2016.07.26 07:01:02.185,1.85767,1.85826,1.00,1.00
2016.07.26 07:01:02.286,1.85762,1.85821,1.00,1.00
2016.07.26 07:01:02.494,1.85762,1.85821,1.00,1.37
2016.07.26 07:01:02.545,1.85762,1.85821,1.00,1.75
2016.07.26 07:01:02.889,1.85762,1.85821,1.00,2.25
2016.07.26 07:01:02.940,1.85756,1.85815,1.00,1.00
2016.07.26 07:01:03.243,1.8574,1.85799,1.00,1.00
2016.07.26 07:01:03.376,1.8574,1.85799,1.00,1.37
2016.07.26 07:01:03.752,1.85745,1.858,1.00,1.37
2016.07.26 07:01:03.875,1.85745,1.858,1.00,1.00
2016.07.26 07:01:04.250,1.85745,1.85803,1.00,1.37
2016.07.26 07:01:04.351,1.8575,1.85808,1.00,3.00
2016.07.26 07:01:04.468,1.8575,1.85808,1.00,2.25
2016.07.26 07:01:04.518,1.85754,1.85807,1.00,1.75
2016.07.26 07:01:04.619,1.85754,1.85809,1.00,1.50
2016.07.26 07:01:04.670,1.85754,1.85809,1.00,1.12
2016.07.26 07:01:04.720,1.85754,1.85809,1.00,1.37
2016.07.26 07:01:04.771,1.85754,1.85809,1.00,1.75
2016.07.26 07:01:04.867,1.85754,1.85813,1.00,2.25
2016.07.26 07:01:04.918,1.85744,1.858,1.00,1.75
2016.07.26 07:01:04.968,1.85738,1.85795,1.00,1.00
2016.07.26 07:01:05.019,1.85738,1.85795,1.00,1.37
2016.07.26 07:01:05.070,1.85738,1.85795,1.00,1.75
2016.07.26 07:01:05.322,1.85733,1.85791,1.00,1.75
2016.07.26 07:01:05.424,1.85727,1.85785,1.50,1.75
2016.07.26 07:01:05.474,1.85727,1.85784,1.00,1.75
2016.07.26 07:01:05.640,1.85727,1.85783,1.00,1.87
2016.07.26 07:01:05.690,1.85727,1.85783,1.00,1.12
2016.07.26 07:01:05.741,1.85727,1.85784,1.00,1.75
2016.07.26 07:01:05.842,1.85727,1.85783,1.00,1.12
2016.07.26 07:01:05.893,1.85727,1.85782,1.00,1.75
2016.07.26 07:01:05.943,1.85721,1.85778,1.00,1.12
2016.07.26 07:01:06.044,1.85721,1.8578,1.00,1.75
2016.07.26 07:01:06.540,1.85721,1.8578,1.00,1.75
2016.07.26 07:01:06.649,1.85721,1.85777,1.00,1.50
2016.07.26 07:01:06.700,1.85721,1.85779,1.00,1.87
2016.07.26 07:01:06.849,1.85721,1.85779,1.00,1.12
2016.07.26 07:01:07.293,1.85721,1.8578,1.00,1.87
2016.07.26 07:01:07.343,1.85721,1.8578,1.00,1.50
2016.07.26 07:01:07.448,1.85721,1.8578,1.00,1.12
2016.07.26 07:01:07.857,1.85721,1.85776,1.00,1.00
2016.07.26 07:01:08.180,1.85721,1.85781,1.00,1.50
2016.07.26 07:01:08.230,1.85721,1.8578,1.00,1.12
2016.07.26 07:01:08.331,1.85721,1.85779,1.00,1.00
2016.07.26 07:01:08.432,1.85721,1.85781,1.00,1.00
2016.07.26 07:01:08.483,1.85723,1.85781,1.00,1.00
2016.07.26 07:01:08.849,1.85727,1.85784,1.00,1.00
2016.07.26 07:01:08.899,1.85727,1.85784,1.00,1.50
2016.07.26 07:01:09.103,1.85727,1.85783,1.00,1.00
2016.07.26 07:01:09.154,1.8572,1.85779,1.50,1.00
2016.07.26 07:01:09.205,1.8572,1.85777,1.00,1.00
2016.07.26 07:01:09.255,1.85715,1.85774,1.50,1.00
2016.07.26 07:01:09.352,1.85716,1.85774,1.00,1.00
2016.07.26 07:01:09.453,1.8571,1.8577,1.00,1.50
2016.07.26 07:01:09.504,1.8571,1.8577,1.00,1.00
2016.07.26 07:01:09.807,1.85707,1.85764,1.00,1.50
2016.07.26 07:01:10.110,1.85702,1.8576,1.12,1.00
2016.07.26 07:01:10.161,1.85702,1.8576,1.00,1.00
2016.07.26 07:01:10.322,1.85694,1.85751,1.37,1.00
2016.07.26 07:01:10.373,1.85694,1.8575,1.00,1.00
2016.07.26 07:01:10.576,1.85694,1.85751,1.00,1.50
2016.07.26 07:01:10.761,1.85694,1.85751,1.00,1.00
2016.07.26 07:01:11.293,1.85694,1.85749,1.00,1.00
2016.07.26 07:01:12.017,1.85698,1.85749,1.00,1.00
2016.07.26 07:01:12.068,1.85715,1.85752,1.00,1.00
2016.07.26 07:01:12.119,1.85731,1.85766,1.00,1.75
2016.07.26 07:01:12.170,1.85725,1.85771,1.50,1.09
2016.07.26 07:01:12.221,1.85731,1.85777,1.00,1.09
2016.07.26 07:01:12.271,1.85731,1.85779,1.00,1.09
2016.07.26 07:01:12.327,1.85731,1.85785,1.00,2.21
2016.07.26 07:01:12.377,1.85732,1.85785,1.00,1.84
2016.07.26 07:01:12.428,1.85737,1.85785,1.00,1.84
2016.07.26 07:01:12.681,1.85737,1.85785,1.12,1.84
2016.07.26 07:01:12.833,1.85744,1.85785,1.00,1.84
2016.07.26 07:01:13.188,1.85742,1.85785,1.00,1.84
2016.07.26 07:01:13.239,1.85739,1.85796,1.50,1.34
2016.07.26 07:01:13.300,1.85739,1.85796,1.50,1.00
2016.07.26 07:01:13.351,1.85739,1.85796,1.37,1.00
2016.07.26 07:01:13.402,1.85739,1.85796,1.00,1.00
2016.07.26 07:01:13.768,1.85736,1.85793,1.00,1.00
2016.07.26 07:01:13.821,1.85729,1.85788,1.75,1.00
2016.07.26 07:01:13.922,1.85729,1.85788,1.37,1.00
2016.07.26 07:01:13.973,1.85724,1.85782,1.00,1.00
2016.07.26 07:01:14.094,1.8573,1.85786,1.00,1.00
2016.07.26 07:01:14.149,1.85724,1.85783,1.00,1.00
2016.07.26 07:01:14.503,1.85724,1.85783,1.12,1.00
2016.07.26 07:01:14.604,1.85724,1.85783,1.00,1.00
2016.07.26 07:01:14.873,1.85724,1.85783,1.37,1.00
2016.07.26 07:01:15.087,1.8573,1.85785,1.00,1.12
2016.07.26 07:01:15.139,1.8573,1.85787,1.00,2.25
2016.07.26 07:01:15.240,1.8573,1.85787,1.00,1.75
2016.07.26 07:01:15.290,1.85721,1.85777,1.00,1.00
2016.07.26 07:01:15.341,1.8572,1.85776,1.12,1.00
2016.07.26 07:01:15.392,1.8572,1.85776,1.00,1.00
2016.07.26 07:01:15.443,1.8572,1.85777,1.00,1.00
2016.07.26 07:01:15.546,1.85725,1.85776,1.00,1.00
2016.07.26 07:01:15.678,1.85718,1.85777,1.00,1.00
2016.07.26 07:01:15.984,1.85714,1.85757,1.00,1.00
2016.07.26 07:01:16.034,1.85701,1.85757,1.12,1.50
2016.07.26 07:01:16.085,1.85701,1.85753,1.12,1.00
2016.07.26 07:01:16.135,1.8569,1.85747,1.87,1.00
2016.07.26 07:01:16.186,1.8569,1.85747,1.37,1.00
2016.07.26 07:01:16.237,1.8569,1.85747,1.00,1.50
2016.07.26 07:01:16.338,1.8569,1.85747,1.00,1.00
2016.07.26 07:01:16.443,1.85701,1.85747,1.00,1.00
2016.07.26 07:01:16.574,1.85706,1.85761,1.00,1.37
2016.07.26 07:01:16.624,1.85715,1.85761,1.00,1.00
2016.07.26 07:01:16.675,1.8572,1.85767,1.00,1.50
2016.07.26 07:01:16.726,1.8572,1.85767,1.50,1.50
2016.07.26 07:01:16.777,1.8572,1.85779,1.50,2.25
2016.07.26 07:01:16.828,1.85725,1.85779,1.00,1.75
2016.07.26 07:01:16.878,1.85725,1.85784,1.00,2.70
2016.07.26 07:01:16.929,1.85725,1.85784,1.50,1.37
2016.07.26 07:01:17.033,1.85737,1.85793,1.00,1.12
2016.07.26 07:01:17.084,1.85735,1.8579,1.00,1.75
2016.07.26 07:01:17.135,1.85731,1.8579,1.00,1.75
2016.07.26 07:01:17.212,1.85726,1.85785,1.37,1.12
2016.07.26 07:01:17.265,1.85726,1.85785,1.00,1.00
2016.07.26 07:01:17.830,1.85721,1.8578,1.00,1.12
2016.07.26 07:01:17.991,1.85721,1.8578,1.00,1.00
2016.07.26 07:01:18.149,1.85721,1.8578,1.50,1.00
2016.07.26 07:01:18.614,1.85721,1.85775,1.00,1.00
2016.07.26 07:01:18.665,1.85713,1.8577,1.00,1.00
2016.07.26 07:01:18.716,1.85711,1.85766,1.00,1.00
2016.07.26 07:01:18.805,1.85707,1.85766,1.00,1.12
2016.07.26 07:01:18.856,1.85707,1.85766,1.00,1.50
2016.07.26 07:01:18.906,1.85697,1.85754,1.00,1.00
2016.07.26 07:01:19.110,1.85697,1.85754,1.00,1.87
2016.07.26 07:01:19.160,1.85697,1.85754,1.00,2.25
2016.07.26 07:01:19.312,1.85697,1.85753,1.00,1.50
2016.07.26 07:01:19.363,1.85697,1.85753,1.50,1.50
2016.07.26 07:01:19.413,1.85697,1.85754,1.50,2.25
2016.07.26 07:01:19.464,1.85697,1.85754,1.00,2.25
2016.07.26 07:01:19.515,1.85697,1.85752,1.00,1.37
2016.07.26 07:01:19.669,1.85697,1.85753,1.00,1.50
2016.07.26 07:01:19.801,1.85697,1.85754,1.00,2.25
2016.07.26 07:01:19.902,1.85697,1.85753,1.00,1.50
2016.07.26 07:01:20.032,1.85693,1.8575,1.00,1.12
2016.07.26 07:01:20.234,1.85691,1.8575,1.00,1.12
2016.07.26 07:01:20.285,1.85691,1.85748,1.00,1.00
2016.07.26 07:01:20.336,1.85691,1.85748,1.00,1.37
2016.07.26 07:01:20.521,1.85691,1.85748,1.00,1.00
2016.07.26 07:01:20.897,1.85691,1.8575,1.00,1.50
2016.07.26 07:01:20.948,1.85689,1.85741,1.00,1.00
2016.07.26 07:01:20.998,1.85689,1.85741,1.00,1.12
2016.07.26 07:01:21.049,1.85684,1.85741,1.50,1.50
2016.07.26 07:01:21.150,1.85684,1.85741,1.00,1.50
2016.07.26 07:01:21.201,1.8568,1.85737,1.00,1.00
2016.07.26 07:01:21.366,1.85682,1.85737,1.00,1.00
2016.07.26 07:01:21.669,1.85679,1.85737,1.00,1.00
2016.07.26 07:01:23.105,1.85683,1.85737,1.00,1.00
2016.07.26 07:01:23.365,1.85679,1.85737,1.00,1.00
2016.07.26 07:01:23.467,1.85682,1.85737,1.00,1.00
2016.07.26 07:01:23.858,1.85675,1.85732,1.12,1.00
2016.07.26 07:01:23.910,1.85675,1.85732,1.12,1.50
2016.07.26 07:01:23.961,1.85668,1.85727,1.00,1.00
2016.07.26 07:01:25.362,1.85659,1.85712,1.37,1.00
2016.07.26 07:01:25.528,1.85655,1.85712,1.37,1.00
2016.07.26 07:01:25.730,1.85649,1.85708,1.37,1.00
2016.07.26 07:01:25.831,1.85652,1.85708,1.37,1.00
2016.07.26 07:01:26.309,1.85655,1.85712,1.37,1.00
2016.07.26 07:01:26.360,1.85655,1.85712,1.87,1.00
2016.07.26 07:01:26.461,1.85655,1.85712,1.37,1.00
2016.07.26 07:01:26.563,1.85655,1.85712,1.87,1.00
2016.07.26 07:01:26.980,1.85655,1.85712,1.50,1.00
2016.07.26 07:01:27.081,1.85655,1.85712,1.87,1.00
2016.07.26 07:01:27.132,1.85655,1.85706,1.37,1.00
2016.07.26 07:01:27.183,1.85647,1.85706,1.37,1.00
2016.07.26 07:01:27.683,1.85647,1.85706,1.00,1.00
2016.07.26 07:01:27.944,1.85647,1.85706,1.12,1.00
2016.07.26 07:01:28.343,1.85647,1.85706,1.37,1.00
2016.07.26 07:01:28.395,1.85647,1.85706,1.37,1.50
2016.07.26 07:01:28.595,1.85647,1.85706,1.37,1.00
2016.07.26 07:01:28.942,1.85647,1.85706,1.12,1.50
2016.07.26 07:01:29.120,1.85647,1.85705,1.12,1.00
2016.07.26 07:01:29.171,1.85645,1.85701,1.37,1.00
2016.07.26 07:01:29.272,1.85643,1.85701,1.37,1.00
2016.07.26 07:01:29.374,1.85643,1.85701,1.00,1.00
2016.07.26 07:01:30.464,1.85642,1.85699,1.00,1.12
2016.07.26 07:01:30.515,1.8564,1.85695,1.00,1.37
2016.07.26 07:01:30.567,1.8564,1.85695,1.00,1.75
2016.07.26 07:01:30.617,1.8564,1.85691,1.00,1.75
2016.07.26 07:01:30.668,1.85633,1.85691,1.00,1.75
2016.07.26 07:01:30.719,1.85631,1.85686,1.00,1.50
2016.07.26 07:01:30.820,1.85631,1.85682,1.00,1.00
2016.07.26 07:01:30.871,1.85623,1.85682,1.00,1.75
2016.07.26 07:01:30.922,1.85623,1.85681,1.00,1.75
2016.07.26 07:01:31.023,1.85623,1.85682,1.00,2.25
2016.07.26 07:01:31.074,1.85618,1.85675,1.50,1.50
2016.07.26 07:01:31.156,1.85618,1.85675,1.50,1.75
2016.07.26 07:01:31.310,1.85622,1.85679,1.00,1.75
2016.07.26 07:01:31.412,1.85622,1.8568,1.00,1.75
2016.07.26 07:01:31.463,1.85624,1.8568,1.00,1.75
2016.07.26 07:01:31.564,1.85622,1.8568,1.50,1.75
2016.07.26 07:01:31.614,1.85622,1.85676,1.00,1.00
2016.07.26 07:01:31.665,1.85617,1.85676,1.50,1.00
2016.07.26 07:01:31.766,1.85617,1.85676,1.00,1.37
2016.07.26 07:01:31.816,1.85617,1.85676,1.00,1.75
2016.07.26 07:01:32.123,1.85609,1.85666,1.37,1.75
2016.07.26 07:01:32.173,1.85609,1.85666,1.00,1.75
2016.07.26 07:01:32.476,1.85608,1.85666,1.50,1.75
2016.07.26 07:01:32.527,1.85608,1.85666,1.50,2.25
2016.07.26 07:01:32.637,1.85608,1.85666,1.50,1.75
2016.07.26 07:01:32.739,1.85608,1.85665,1.50,1.75
2016.07.26 07:01:33.006,1.85608,1.85666,1.50,2.25
2016.07.26 07:01:33.223,1.85608,1.85666,1.87,2.25
2016.07.26 07:01:33.381,1.8561,1.85666,1.00,2.25
2016.07.26 07:01:33.669,1.85608,1.85661,1.00,1.00
2016.07.26 07:01:33.770,1.85595,1.85653,1.87,1.00
2016.07.26 07:01:33.821,1.85595,1.85645,1.00,1.00
2016.07.26 07:01:33.872,1.85593,1.8565,1.00,1.00
2016.07.26 07:01:33.922,1.85589,1.85643,1.12,1.00
2016.07.26 07:01:33.973,1.85586,1.85643,1.37,1.37
2016.07.26 07:01:34.024,1.85586,1.85643,1.00,2.25
2016.07.26 07:01:34.074,1.85584,1.85639,1.00,1.12
2016.07.26 07:01:34.125,1.85582,1.85639,1.00,1.12
2016.07.26 07:01:34.239,1.8558,1.85632,1.37,1.00
2016.07.26 07:01:34.290,1.85586,1.85632,1.00,1.12
2016.07.26 07:01:34.341,1.85582,1.85628,1.00,1.00
2016.07.26 07:01:34.391,1.85585,1.85632,1.00,1.12
2016.07.26 07:01:34.459,1.85581,1.85638,1.12,1.75
2016.07.26 07:01:34.512,1.85572,1.85625,1.00,1.00
2016.07.26 07:01:34.565,1.85568,1.85625,1.00,1.00
2016.07.26 07:01:34.617,1.85569,1.85618,1.00,1.00
2016.07.26 07:01:34.951,1.85568,1.85603,1.00,1.00
2016.07.26 07:01:35.102,1.85547,1.85603,1.18,1.37
2016.07.26 07:01:35.203,1.85547,1.85603,1.00,1.37
2016.07.26 07:01:35.364,1.8554,1.85593,1.00,1.00
2016.07.26 07:01:35.567,1.85522,1.8558,1.00,1.00
2016.07.26 07:01:35.618,1.85521,1.85579,1.00,1.12
2016.07.26 07:01:35.669,1.85512,1.85564,1.50,1.00
2016.07.26 07:01:35.720,1.8551,1.85566,1.00,1.00
2016.07.26 07:01:35.770,1.85493,1.85551,1.00,1.00
2016.07.26 07:01:35.822,1.85511,1.85555,1.00,1.00
2016.07.26 07:01:35.922,1.8551,1.85566,1.00,1.37
2016.07.26 07:01:35.973,1.85502,1.8556,1.00,1.00
2016.07.26 07:01:36.074,1.85513,1.85571,1.00,1.37
2016.07.26 07:01:36.125,1.85513,1.85571,1.00,1.00
2016.07.26 07:01:36.226,1.85513,1.85568,1.00,1.00
2016.07.26 07:01:36.327,1.85513,1.85571,1.00,1.00
2016.07.26 07:01:36.428,1.85521,1.85577,1.00,1.12
2016.07.26 07:01:36.650,1.85534,1.85583,1.00,1.75
2016.07.26 07:01:36.701,1.85534,1.85583,1.00,1.00
2016.07.26 07:01:36.852,1.85539,1.85597,1.00,1.00
2016.07.26 07:01:36.903,1.85543,1.85602,1.00,1.75
2016.07.26 07:01:37.156,1.85543,1.85601,1.00,1.75
2016.07.26 07:01:37.228,1.85543,1.85602,1.00,1.75
2016.07.26 07:01:37.581,1.85549,1.85607,1.00,2.25
2016.07.26 07:01:37.632,1.85549,1.85607,1.00,1.75
2016.07.26 07:01:37.733,1.85549,1.85607,1.00,2.25
2016.07.26 07:01:37.784,1.85555,1.85607,1.00,1.37
2016.07.26 07:01:37.834,1.85565,1.8561,1.00,1.50
2016.07.26 07:01:37.935,1.85569,1.85617,1.00,1.75
2016.07.26 07:01:38.071,1.85557,1.85616,1.00,1.37
2016.07.26 07:01:38.122,1.85556,1.85615,1.00,1.00
2016.07.26 07:01:38.535,1.85561,1.85619,1.00,1.50
2016.07.26 07:01:38.636,1.85561,1.85619,1.00,1.00
2016.07.26 07:01:38.851,1.85587,1.85623,1.00,1.37
2016.07.26 07:01:38.952,1.85576,1.85632,1.37,1.75
2016.07.26 07:01:39.003,1.85576,1.85632,1.37,1.00
2016.07.26 07:01:39.256,1.85576,1.85632,1.12,1.00
2016.07.26 07:01:39.357,1.85563,1.8562,1.00,1.00
2016.07.26 07:01:39.408,1.85558,1.85616,1.75,1.00
2016.07.26 07:01:39.458,1.85559,1.85617,1.50,1.00
2016.07.26 07:01:39.573,1.85559,1.85617,1.37,1.00
2016.07.26 07:01:39.624,1.85559,1.85617,1.00,1.00
2016.07.26 07:01:40.395,1.85559,1.85622,1.00,1.00
2016.07.26 07:01:40.446,1.85564,1.85622,1.00,1.00
2016.07.26 07:01:40.749,1.85557,1.85615,1.00,1.00
2016.07.26 07:01:41.145,1.85557,1.85615,1.12,1.00
2016.07.26 07:01:41.200,1.85572,1.8563,1.00,1.75
2016.07.26 07:01:41.302,1.85577,1.85635,1.00,2.25
2016.07.26 07:01:41.403,1.85577,1.85635,1.00,1.37
2016.07.26 07:01:41.504,1.85566,1.85622,1.37,1.00
2016.07.26 07:01:41.555,1.85566,1.85622,1.00,1.00
2016.07.26 07:01:41.708,1.85559,1.85616,1.75,1.00
2016.07.26 07:01:41.759,1.85559,1.85616,1.37,1.00
2016.07.26 07:01:41.809,1.85554,1.85612,1.00,1.00
2016.07.26 07:01:41.928,1.85554,1.85612,1.00,1.37
2016.07.26 07:01:42.232,1.85549,1.85607,1.00,1.75
2016.07.26 07:01:42.283,1.85549,1.85607,1.00,1.87
2016.07.26 07:01:42.535,1.85549,1.85607,1.00,1.50
2016.07.26 07:01:44.119,1.85544,1.85602,1.37,1.00
2016.07.26 07:01:44.270,1.85544,1.85602,1.00,1.00
2016.07.26 07:01:44.321,1.8554,1.85596,1.37,1.00
2016.07.26 07:01:44.372,1.8554,1.85596,1.00,1.00
2016.07.26 07:01:44.712,1.85546,1.85602,1.00,1.75
2016.07.26 07:01:44.813,1.8555,1.85605,1.00,1.75
2016.07.26 07:01:44.864,1.85556,1.85606,1.00,1.09
2016.07.26 07:01:45.015,1.85556,1.85609,1.00,1.71
2016.07.26 07:01:45.122,1.8556,1.85613,1.00,1.34
2016.07.26 07:01:45.173,1.85564,1.85616,1.00,2.21
2016.07.26 07:01:45.693,1.85564,1.85623,1.00,1.75
2016.07.26 07:01:45.939,1.8556,1.85616,1.00,1.37
2016.07.26 07:01:46.658,1.8556,1.85616,1.00,1.00
2016.07.26 07:01:47.053,1.85565,1.85624,1.00,1.50
2016.07.26 07:01:47.160,1.85571,1.85629,1.00,1.75
2016.07.26 07:01:47.363,1.85571,1.85629,1.00,1.37
2016.07.26 07:01:47.414,1.85571,1.85629,1.00,1.00
2016.07.26 07:01:47.465,1.85576,1.85633,1.00,1.75
2016.07.26 07:01:47.568,1.85576,1.85633,1.37,1.75
2016.07.26 07:01:47.669,1.85576,1.85633,1.37,1.37
2016.07.26 07:01:47.720,1.85576,1.85633,1.37,1.00
2016.07.26 07:01:47.927,1.85576,1.85637,1.37,1.00
2016.07.26 07:01:47.978,1.8558,1.85638,1.37,1.12
2016.07.26 07:01:48.180,1.85586,1.85644,1.37,1.75
2016.07.26 07:01:48.231,1.85586,1.85644,1.37,1.37
2016.07.26 07:01:48.332,1.85586,1.85644,1.37,1.00
2016.07.26 07:01:48.450,1.85576,1.85634,1.37,1.00
2016.07.26 07:01:48.501,1.85576,1.85634,1.00,1.00
2016.07.26 07:01:48.551,1.8557,1.85629,1.87,1.00
2016.07.26 07:01:48.602,1.85572,1.85629,1.00,1.00
2016.07.26 07:01:48.653,1.8557,1.85629,1.50,1.00
2016.07.26 07:01:48.703,1.8557,1.85629,1.37,1.00
2016.07.26 07:01:48.754,1.85565,1.85624,1.50,1.00
2016.07.26 07:01:48.965,1.85565,1.85624,1.12,1.00
2016.07.26 07:01:49.064,1.85565,1.85624,1.00,1.00
2016.07.26 07:01:49.179,1.85565,1.85624,1.00,1.12
2016.07.26 07:01:49.280,1.85565,1.85624,1.00,1.00
2016.07.26 07:01:49.381,1.85571,1.85628,1.12,1.37
2016.07.26 07:01:49.482,1.85571,1.85628,1.37,1.37
2016.07.26 07:01:49.796,1.85571,1.85628,1.37,1.00
2016.07.26 07:01:50.732,1.85571,1.85628,1.37,1.37
2016.07.26 07:01:50.783,1.85571,1.85628,1.00,1.37
2016.07.26 07:01:50.834,1.85571,1.85628,1.00,1.50
2016.07.26 07:01:51.011,1.85571,1.85628,1.37,1.50
2016.07.26 07:01:51.062,1.85589,1.85637,1.00,1.75
2016.07.26 07:01:51.163,1.85588,1.85642,1.00,1.75
2016.07.26 07:01:51.264,1.85588,1.85642,1.00,1.37
2016.07.26 07:01:51.315,1.85588,1.85642,1.00,1.00
2016.07.26 07:01:51.430,1.85588,1.85647,1.00,1.37
2016.07.26 07:01:51.532,1.85594,1.85652,1.00,1.12
2016.07.26 07:01:51.583,1.85594,1.85653,1.00,1.75
2016.07.26 07:01:51.886,1.856,1.85659,1.00,1.87
2016.07.26 07:01:52.043,1.85595,1.85652,1.00,1.12
2016.07.26 07:01:52.209,1.85588,1.85647,1.00,1.00
2016.07.26 07:01:52.613,1.85588,1.85647,1.37,1.00
2016.07.26 07:01:52.664,1.85588,1.85647,1.37,1.37
2016.07.26 07:01:52.715,1.85588,1.85647,1.37,1.75
2016.07.26 07:01:52.816,1.85588,1.85647,1.00,1.75
2016.07.26 07:01:53.140,1.856,1.85655,1.00,1.87
2016.07.26 07:01:53.191,1.856,1.85655,1.00,1.75
2016.07.26 07:01:53.292,1.856,1.85657,1.00,1.75
2016.07.26 07:01:53.393,1.856,1.85657,1.00,1.37
2016.07.26 07:01:53.444,1.856,1.85657,1.00,1.00
2016.07.26 07:01:54.288,1.856,1.85657,1.37,1.00
2016.07.26 07:01:54.353,1.8561,1.85667,1.00,1.75
2016.07.26 07:01:54.404,1.8561,1.85667,1.37,1.75
2016.07.26 07:01:54.506,1.85615,1.85672,1.00,1.75
2016.07.26 07:01:54.710,1.85615,1.85672,1.00,1.37
2016.07.26 07:01:54.912,1.85609,1.85668,1.00,1.00
2016.07.26 07:01:55.267,1.85604,1.85663,1.37,1.00
2016.07.26 07:01:55.317,1.85604,1.85663,1.00,1.00
2016.07.26 07:01:55.368,1.856,1.85657,1.37,1.00
2016.07.26 07:01:55.564,1.85605,1.85662,1.00,1.00
2016.07.26 07:01:56.743,1.85605,1.85662,1.37,1.00
2016.07.26 07:01:57.082,1.85598,1.85656,1.37,1.00
2016.07.26 07:01:57.132,1.85598,1.85656,1.00,1.00
2016.07.26 07:01:57.183,1.85594,1.85651,1.37,1.00
2016.07.26 07:01:57.234,1.85594,1.85651,1.12,1.00
2016.07.26 07:01:57.285,1.85594,1.85651,1.12,1.37
2016.07.26 07:01:57.341,1.85594,1.85651,1.00,1.37
2016.07.26 07:01:57.456,1.85594,1.85651,1.00,1.75
2016.07.26 07:01:57.507,1.85588,1.85647,1.00,1.00
2016.07.26 07:01:58.031,1.85587,1.85646,1.00,1.00
2016.07.26 07:01:58.350,1.85587,1.85646,1.37,1.00
2016.07.26 07:01:58.401,1.85592,1.8565,1.00,1.12
2016.07.26 07:01:58.747,1.85592,1.8565,1.37,1.12
2016.07.26 07:01:59.032,1.85592,1.8565,1.00,1.12
2016.07.26 07:01:59.210,1.85587,1.85644,1.37,1.00
2016.07.26 07:01:59.261,1.85587,1.85644,1.00,1.00
2016.07.26 07:01:59.513,1.85587,1.85644,1.00,1.37
2016.07.26 07:01:59.564,1.85587,1.85644,1.00,1.75
2016.07.26 07:01:59.614,1.85587,1.85642,1.00,1.00
2016.07.26 07:01:59.715,1.85581,1.8564,1.00,1.37
2016.07.26 07:01:59.816,1.85576,1.85635,1.00,1.00
2016.07.26 07:01:59.867,1.85583,1.85642,1.00,1.50
2016.07.26 07:01:59.917,1.85583,1.85642,1.12,1.37
2016.07.26 07:02:00.049,1.85588,1.85648,1.00,1.75
2016.07.26 07:02:00.201,1.85594,1.85653,1.00,1.87
2016.07.26 07:02:00.252,1.856,1.85657,1.00,1.75
2016.07.26 07:02:00.302,1.85609,1.85664,1.00,2.32
2016.07.26 07:02:00.353,1.85609,1.85666,1.00,1.37
2016.07.26 07:02:00.865,1.85609,1.85666,1.00,1.12
2016.07.26 07:02:00.916,1.85598,1.85658,1.00,1.00
2016.07.26 07:02:00.966,1.85594,1.85653,1.00,1.00
2016.07.26 07:02:01.017,1.85589,1.85649,1.37,1.00
2016.07.26 07:02:01.068,1.85589,1.85649,1.00,1.37
2016.07.26 07:02:01.118,1.85585,1.85644,1.00,1.00
2016.07.26 07:02:01.320,1.85597,1.85649,1.00,1.12
2016.07.26 07:02:01.426,1.85597,1.85654,1.00,1.75
2016.07.26 07:02:01.628,1.85597,1.85654,1.00,1.00
2016.07.26 07:02:03.747,1.85597,1.85654,1.00,1.37
2016.07.26 07:02:04.095,1.85596,1.85659,1.00,1.75
2016.07.26 07:02:04.297,1.85602,1.85658,1.00,1.50
2016.07.26 07:02:04.449,1.85602,1.85659,1.00,1.12
2016.07.26 07:02:04.600,1.85602,1.85658,1.00,1.00
2016.07.26 07:02:04.858,1.85602,1.85659,1.00,1.12
2016.07.26 07:02:04.962,1.85602,1.85659,1.00,1.37
2016.07.26 07:02:05.063,1.85589,1.85639,1.50,1.00
2016.07.26 07:02:05.113,1.85589,1.85638,1.12,1.00
2016.07.26 07:02:05.164,1.85586,1.85638,1.00,1.12
2016.07.26 07:02:05.265,1.85581,1.85639,1.00,1.37
2016.07.26 07:02:05.467,1.85581,1.85639,1.00,1.00
2016.07.26 07:02:05.518,1.85591,1.85644,1.00,1.00
2016.07.26 07:02:05.568,1.85591,1.85649,1.00,2.62
2016.07.26 07:02:05.689,1.85591,1.85649,1.00,1.87
2016.07.26 07:02:05.792,1.85591,1.85648,1.00,1.75
2016.07.26 07:02:05.943,1.85591,1.85649,1.00,1.00
2016.07.26 07:02:07.208,1.85591,1.85649,1.00,1.12
2016.07.26 07:02:08.365,1.85591,1.85638,1.00,1.00
2016.07.26 07:02:08.417,1.85589,1.85638,1.00,1.00
2016.07.26 07:02:08.467,1.85589,1.85647,1.00,1.37
2016.07.26 07:02:09.012,1.85583,1.85642,1.09,1.00
2016.07.26 07:02:09.063,1.85579,1.85636,1.34,1.00
2016.07.26 07:02:09.114,1.85568,1.85627,2.96,1.00
2016.07.26 07:02:09.164,1.85568,1.85627,2.59,1.00
2016.07.26 07:02:09.215,1.85563,1.85622,1.00,1.00
2016.07.26 07:02:09.292,1.85563,1.85622,1.00,1.37
2016.07.26 07:02:09.345,1.85558,1.85617,1.00,1.00
2016.07.26 07:02:09.547,1.85563,1.85622,1.00,1.75
2016.07.26 07:02:09.749,1.85563,1.85622,1.00,1.00
2016.07.26 07:02:10.744,1.8556,1.85616,1.00,1.00
2016.07.26 07:02:11.021,1.8556,1.85616,1.00,1.12
2016.07.26 07:02:11.071,1.85554,1.85613,1.00,1.00
2016.07.26 07:02:14.008,1.85554,1.85613,1.37,1.00
2016.07.26 07:02:14.326,1.85554,1.85613,1.00,1.00
2016.07.26 07:02:16.462,1.85548,1.85602,1.37,1.00
2016.07.26 07:02:16.512,1.85549,1.85608,1.00,1.37
2016.07.26 07:02:16.563,1.85548,1.85602,1.00,1.00
2016.07.26 07:02:16.715,1.85545,1.85602,1.00,1.00
2016.07.26 07:02:16.816,1.85538,1.85594,1.00,1.00
2016.07.26 07:02:17.986,1.85541,1.856,1.00,1.00
2016.07.26 07:02:18.087,1.85546,1.85605,1.00,1.12
2016.07.26 07:02:18.239,1.85552,1.85611,1.00,1.75
2016.07.26 07:02:18.340,1.85559,1.85616,1.00,1.75
2016.07.26 07:02:18.685,1.85553,1.85612,1.00,1.12
2016.07.26 07:02:18.788,1.85559,1.85616,1.00,1.75
2016.07.26 07:02:18.889,1.85559,1.85616,1.00,1.00
2016.07.26 07:02:18.940,1.85559,1.85616,1.12,1.00
2016.07.26 07:02:19.040,1.85559,1.85616,1.00,1.00
2016.07.26 07:02:19.580,1.85559,1.85616,1.00,1.12
2016.07.26 07:02:20.139,1.8557,1.85626,1.00,1.75
2016.07.26 07:02:20.190,1.85574,1.85631,1.00,1.75
2016.07.26 07:02:20.240,1.85587,1.85633,1.00,2.32
2016.07.26 07:02:20.291,1.85587,1.85639,1.00,1.50
2016.07.26 07:02:20.355,1.85587,1.8564,1.00,1.75
2016.07.26 07:02:20.406,1.85587,1.85644,1.00,1.87
2016.07.26 07:02:20.558,1.85587,1.85641,1.00,1.37
2016.07.26 07:02:20.659,1.85587,1.85641,1.00,1.00
2016.07.26 07:02:20.710,1.85587,1.85644,1.00,1.37
2016.07.26 07:02:20.761,1.85587,1.85644,1.00,1.00
2016.07.26 07:02:20.811,1.85592,1.85648,1.00,1.37
2016.07.26 07:02:20.862,1.85596,1.85652,1.00,1.12
2016.07.26 07:02:20.963,1.85596,1.85655,1.00,1.37
2016.07.26 07:02:21.013,1.85596,1.85655,1.00,1.00
2016.07.26 07:02:21.064,1.85596,1.85655,1.37,1.00
2016.07.26 07:02:21.114,1.85607,1.85662,1.00,1.00
2016.07.26 07:02:21.205,1.85607,1.85664,1.00,1.50
2016.07.26 07:02:21.257,1.85607,1.85664,1.00,1.87
2016.07.26 07:02:21.308,1.85601,1.8566,1.00,1.00
2016.07.26 07:02:21.611,1.85611,1.85669,1.00,1.12
2016.07.26 07:02:21.662,1.85611,1.8567,1.00,1.75
2016.07.26 07:02:21.713,1.85616,1.85671,1.00,1.75
2016.07.26 07:02:21.764,1.85616,1.85674,1.00,1.37
2016.07.26 07:02:21.814,1.85621,1.85678,1.00,1.50
2016.07.26 07:02:21.865,1.85621,1.85678,1.00,1.12
2016.07.26 07:02:21.957,1.85621,1.85678,1.00,1.00
2016.07.26 07:02:22.942,1.85621,1.85678,1.00,1.12
2016.07.26 07:02:22.993,1.85615,1.85674,1.00,1.00
2016.07.26 07:02:23.043,1.85606,1.85663,1.50,1.00
2016.07.26 07:02:23.094,1.85606,1.85663,1.00,1.00
2016.07.26 07:02:23.144,1.85601,1.85659,1.00,1.00
2016.07.26 07:02:23.397,1.85606,1.85663,1.00,1.00
2016.07.26 07:02:24.384,1.85606,1.85663,1.00,1.12
2016.07.26 07:02:24.434,1.85601,1.85658,1.00,1.00
2016.07.26 07:02:24.687,1.85601,1.85658,1.00,1.12
2016.07.26 07:02:24.786,1.85601,1.85658,1.00,1.50
2016.07.26 07:02:25.571,1.85628,1.85666,1.00,1.75
2016.07.26 07:02:25.719,1.85627,1.85676,1.00,1.95
2016.07.26 07:02:25.770,1.85622,1.85681,1.00,1.37
2016.07.26 07:02:25.871,1.85622,1.85681,1.00,1.00
2016.07.26 07:02:26.275,1.85622,1.85681,1.00,1.12
2016.07.26 07:02:26.499,1.85622,1.85681,1.00,1.37
2016.07.26 07:02:26.583,1.85622,1.85681,1.00,1.00
2016.07.26 07:02:26.893,1.8563,1.85688,1.00,1.37
2016.07.26 07:02:27.045,1.85635,1.85693,1.00,1.75
2016.07.26 07:02:27.196,1.8564,1.85697,1.00,1.50
2016.07.26 07:02:27.402,1.8564,1.85697,1.00,1.00
2016.07.26 07:02:27.708,1.85634,1.85691,1.00,1.00
2016.07.26 07:02:27.809,1.85644,1.85697,1.00,1.12
2016.07.26 07:02:27.918,1.85659,1.85699,1.00,1.00
2016.07.26 07:02:27.969,1.85659,1.85716,1.00,2.25
2016.07.26 07:02:28.019,1.85663,1.85716,1.00,1.75
2016.07.26 07:02:28.070,1.85663,1.85722,1.00,1.75
2016.07.26 07:02:28.322,1.85669,1.85728,1.00,1.00
2016.07.26 07:02:28.373,1.85669,1.85728,1.00,1.37
2016.07.26 07:02:28.650,1.85659,1.85717,1.12,1.00
2016.07.26 07:02:28.701,1.85653,1.85712,1.50,1.00
2016.07.26 07:02:28.802,1.85637,1.85701,1.12,1.00
2016.07.26 07:02:28.853,1.85637,1.85694,1.87,1.00
2016.07.26 07:02:28.903,1.85637,1.85694,1.00,1.00
2016.07.26 07:02:28.954,1.8563,1.85689,1.75,1.00
2016.07.26 07:02:29.004,1.8563,1.85689,1.00,1.00
2016.07.26 07:02:29.206,1.85626,1.85683,1.00,1.12
2016.07.26 07:02:29.579,1.85626,1.85683,1.00,1.00
2016.07.26 07:02:29.731,1.85645,1.85692,1.00,1.00
2016.07.26 07:02:30.041,1.8565,1.85707,1.00,1.37
2016.07.26 07:02:30.092,1.8565,1.85707,1.00,1.00
2016.07.26 07:02:30.616,1.85655,1.85712,1.00,1.00
2016.07.26 07:02:30.816,1.85667,1.85719,1.00,1.00
2016.07.26 07:02:30.867,1.85681,1.85736,1.00,1.37
2016.07.26 07:02:30.918,1.8569,1.85736,1.00,1.00
2016.07.26 07:02:30.969,1.85693,1.85746,1.00,1.00
2016.07.26 07:02:31.171,1.85693,1.8575,1.00,1.00
2016.07.26 07:02:31.433,1.85687,1.85744,1.37,1.00
2016.07.26 07:02:31.589,1.85679,1.85737,1.75,1.00
2016.07.26 07:02:31.640,1.85682,1.85739,1.12,1.00
2016.07.26 07:02:31.691,1.85682,1.85739,1.00,1.00
2016.07.26 07:02:31.741,1.85682,1.85739,1.00,1.50
2016.07.26 07:02:31.943,1.85682,1.85738,1.00,1.00
2016.07.26 07:02:31.994,1.85673,1.85732,1.00,1.00
2016.07.26 07:02:32.605,1.85667,1.85726,1.00,1.37
2016.07.26 07:02:32.707,1.85662,1.85719,1.12,1.00
2016.07.26 07:02:32.808,1.85657,1.85714,1.75,1.00
2016.07.26 07:02:32.909,1.85657,1.85714,1.37,1.00
2016.07.26 07:02:32.960,1.85657,1.85714,1.00,1.00
2016.07.26 07:02:33.010,1.85652,1.85709,1.00,1.00
2016.07.26 07:02:33.061,1.85677,1.85721,1.00,1.00
2016.07.26 07:02:33.164,1.85664,1.85723,1.00,1.00
2016.07.26 07:02:33.215,1.85664,1.85723,1.00,1.12
2016.07.26 07:02:33.266,1.85659,1.85718,1.00,1.00
2016.07.26 07:02:33.862,1.85655,1.85712,1.00,1.00
2016.07.26 07:02:34.194,1.8566,1.85717,1.00,1.00
2016.07.26 07:02:34.496,1.85667,1.85724,1.00,1.00
2016.07.26 07:02:34.547,1.85661,1.8572,1.00,1.00
2016.07.26 07:02:35.062,1.85666,1.85725,1.00,1.75
2016.07.26 07:02:35.531,1.85653,1.85712,1.00,1.00
2016.07.26 07:02:35.632,1.85653,1.85712,1.00,1.12
2016.07.26 07:02:35.685,1.85648,1.85706,1.50,1.00
2016.07.26 07:02:35.736,1.85644,1.85701,1.75,1.00
2016.07.26 07:02:35.837,1.85638,1.85696,1.00,1.00
2016.07.26 07:02:35.938,1.85633,1.85692,1.00,1.12
2016.07.26 07:02:36.039,1.85629,1.85686,1.00,1.00
2016.07.26 07:02:36.140,1.85629,1.85686,1.00,1.75
2016.07.26 07:02:36.345,1.85634,1.85693,1.00,1.75
2016.07.26 07:02:36.446,1.8565,1.857,1.00,2.32
2016.07.26 07:02:36.547,1.85645,1.85702,1.00,1.37
2016.07.26 07:02:36.648,1.8564,1.85697,1.00,1.00
2016.07.26 07:02:36.911,1.85634,1.85693,1.00,1.00
2016.07.26 07:02:36.962,1.85629,1.85688,1.00,1.00
2016.07.26 07:02:37.013,1.85629,1.85688,1.00,1.37
2016.07.26 07:02:37.065,1.85629,1.85688,1.00,1.50
2016.07.26 07:02:37.426,1.85625,1.85682,1.00,1.00
2016.07.26 07:02:37.630,1.85625,1.85682,1.00,1.37
2016.07.26 07:02:37.681,1.85625,1.85682,1.00,1.75
2016.07.26 07:02:37.972,1.8562,1.85677,1.00,1.00
2016.07.26 07:02:38.729,1.85632,1.85689,1.00,1.75
2016.07.26 07:02:38.780,1.85626,1.85683,1.00,1.75
2016.07.26 07:02:38.830,1.85635,1.85689,1.00,1.75
2016.07.26 07:02:38.881,1.85635,1.85692,1.00,1.75
2016.07.26 07:02:38.932,1.85639,1.85697,1.00,2.25
2016.07.26 07:02:38.982,1.85639,1.85696,1.00,1.75
2016.07.26 07:02:39.033,1.85639,1.85696,1.00,1.37
2016.07.26 07:02:39.084,1.85639,1.85696,1.00,1.00
2016.07.26 07:02:40.096,1.85634,1.85691,1.00,1.00
2016.07.26 07:02:40.197,1.85628,1.85687,1.00,1.00
2016.07.26 07:02:40.550,1.85623,1.85683,1.00,1.00
2016.07.26 07:02:40.651,1.85623,1.85683,1.00,1.50
2016.07.26 07:02:41.303,1.85629,1.85687,1.00,1.75
2016.07.26 07:02:41.404,1.85641,1.85698,1.00,3.07
2016.07.26 07:02:41.454,1.85632,1.85692,1.00,1.75
2016.07.26 07:02:41.609,1.85632,1.85692,1.00,1.00
2016.07.26 07:02:43.366,1.85627,1.85686,1.00,1.00
2016.07.26 07:02:43.517,1.85622,1.85681,1.75,1.00
2016.07.26 07:02:43.605,1.85622,1.85681,1.00,1.00
2016.07.26 07:02:43.760,1.85615,1.85674,1.00,1.12
2016.07.26 07:02:44.150,1.85609,1.85669,1.00,1.00
2016.07.26 07:02:44.251,1.85609,1.85669,1.00,1.37
2016.07.26 07:02:44.301,1.85609,1.85669,1.00,1.50
2016.07.26 07:02:44.684,1.85615,1.85672,1.00,1.75
2016.07.26 07:02:44.737,1.85615,1.85672,1.00,1.37
2016.07.26 07:02:44.788,1.85615,1.85672,1.00,1.00
2016.07.26 07:02:44.939,1.85609,1.85669,1.00,1.37
2016.07.26 07:02:44.990,1.85609,1.85669,1.00,1.50
2016.07.26 07:02:45.040,1.85606,1.85663,1.12,1.00
2016.07.26 07:02:45.091,1.85611,1.85668,1.00,1.12
2016.07.26 07:02:45.193,1.85616,1.85674,1.00,1.75
2016.07.26 07:02:45.244,1.85627,1.85675,1.00,1.75
2016.07.26 07:02:45.345,1.85632,1.85687,1.00,2.32
2016.07.26 07:02:45.396,1.85632,1.85691,1.00,1.75
2016.07.26 07:02:45.446,1.85632,1.85691,1.00,1.37
2016.07.26 07:02:45.497,1.85632,1.85691,1.00,1.00
2016.07.26 07:02:45.565,1.85632,1.85691,1.12,1.00
2016.07.26 07:02:45.666,1.85632,1.85691,1.00,1.00
2016.07.26 07:02:46.208,1.85626,1.85685,1.00,1.00
2016.07.26 07:02:46.511,1.85622,1.85679,1.00,1.00
2016.07.26 07:02:46.959,1.85622,1.85679,1.12,1.00
2016.07.26 07:02:47.010,1.8563,1.85687,1.00,1.00
2016.07.26 07:02:47.162,1.8563,1.85687,1.37,1.00
2016.07.26 07:02:47.363,1.8563,1.85687,1.00,1.00
2016.07.26 07:02:48.246,1.85625,1.85683,1.00,1.00
2016.07.26 07:02:51.676,1.85634,1.85689,1.00,1.75
2016.07.26 07:02:51.777,1.85634,1.85691,1.00,1.00
2016.07.26 07:02:52.490,1.85634,1.85691,1.37,1.00
2016.07.26 07:02:52.926,1.85638,1.85696,1.00,1.37
2016.07.26 07:02:58.590,1.85636,1.85696,1.00,1.37
2016.07.26 07:03:00.833,1.85636,1.85696,1.50,1.37
2016.07.26 07:03:00.884,1.85651,1.85709,1.00,1.75
2016.07.26 07:03:00.984,1.85651,1.85709,1.00,1.37
2016.07.26 07:03:01.035,1.85655,1.85714,1.00,1.50
2016.07.26 07:03:01.340,1.85651,1.85709,1.00,1.00
2016.07.26 07:03:01.441,1.85645,1.85705,1.00,1.00
2016.07.26 07:03:01.492,1.85645,1.85705,1.00,1.37
2016.07.26 07:03:01.542,1.85645,1.85705,1.00,1.75
2016.07.26 07:03:01.655,1.85641,1.85699,1.00,1.00
2016.07.26 07:03:01.858,1.85635,1.85695,1.00,1.00
2016.07.26 07:03:01.908,1.85635,1.85695,1.00,1.37
2016.07.26 07:03:02.010,1.8564,1.85699,1.00,1.75
2016.07.26 07:03:05.413,1.8564,1.85699,1.00,1.00
2016.07.26 07:03:05.650,1.85635,1.85693,1.00,1.00
2016.07.26 07:03:05.843,1.85635,1.85693,1.00,1.37
2016.07.26 07:03:05.894,1.8563,1.85688,1.00,1.00
2016.07.26 07:03:10.086,1.85636,1.85694,1.00,1.75
2016.07.26 07:03:10.240,1.85636,1.85694,1.00,1.00
2016.07.26 07:03:10.392,1.8564,1.857,1.00,1.37
2016.07.26 07:03:10.645,1.8564,1.857,1.00,1.00
2016.07.26 07:03:11.591,1.8564,1.857,1.00,1.37
2016.07.26 07:03:11.641,1.8564,1.8569,1.00,1.00
2016.07.26 07:03:11.692,1.85624,1.85683,1.00,1.00
2016.07.26 07:03:11.743,1.85619,1.85677,1.50,1.00
2016.07.26 07:03:12.940,1.85619,1.8567,1.00,1.00
2016.07.26 07:03:13.053,1.85619,1.85666,1.00,1.37
2016.07.26 07:03:13.255,1.85619,1.85663,1.00,1.75
2016.07.26 07:03:13.641,1.85619,1.8566,1.00,1.75
2016.07.26 07:03:13.745,1.85619,1.8565,1.00,1.00
2016.07.26 07:03:15.001,1.85594,1.8565,1.00,1.00
2016.07.26 07:03:15.333,1.85592,1.8565,1.00,1.00
2016.07.26 07:03:17.747,1.85605,1.85663,1.00,1.75
2016.07.26 07:03:17.797,1.85611,1.85663,1.00,1.75
2016.07.26 07:03:17.848,1.85611,1.85669,1.00,1.00
2016.07.26 07:03:18.628,1.85611,1.85669,1.00,1.50
2016.07.26 07:03:18.679,1.85605,1.85659,1.00,1.00
2016.07.26 07:03:18.780,1.85595,1.85652,1.37,1.00
2016.07.26 07:03:18.881,1.85589,1.85648,1.00,1.00
2016.07.26 07:03:19.040,1.85584,1.85644,1.00,1.00
2016.07.26 07:03:19.194,1.85579,1.85639,1.00,1.00
2016.07.26 07:03:19.295,1.85579,1.85638,1.00,1.00
2016.07.26 07:03:19.598,1.85579,1.85639,1.00,1.50
2016.07.26 07:03:20.616,1.85579,1.85631,1.00,1.00
2016.07.26 07:03:20.796,1.85574,1.85631,1.00,1.00
2016.07.26 07:03:23.021,1.85566,1.85623,1.75,1.00
2016.07.26 07:03:23.071,1.85566,1.85623,1.37,1.00
2016.07.26 07:03:23.147,1.85564,1.85618,1.75,1.00
2016.07.26 07:03:23.200,1.85558,1.85616,1.00,1.00
2016.07.26 07:03:23.657,1.85558,1.85616,1.87,1.00
2016.07.26 07:03:23.707,1.85564,1.85616,1.00,1.00
2016.07.26 07:03:23.882,1.85564,1.85622,1.00,1.75
2016.07.26 07:03:23.984,1.85564,1.85622,1.00,1.00
2016.07.26 07:03:25.628,1.8557,1.85624,1.00,1.00
2016.07.26 07:03:25.679,1.85574,1.85624,1.00,1.00
2016.07.26 07:03:25.781,1.85574,1.85632,1.00,1.75
2016.07.26 07:03:25.934,1.85574,1.85632,1.00,1.00
2016.07.26 07:03:28.181,1.85569,1.85627,1.00,1.00
2016.07.26 07:03:28.383,1.85564,1.85622,1.12,1.00
2016.07.26 07:03:28.484,1.85564,1.85622,1.00,1.00
2016.07.26 07:03:33.509,1.8556,1.85608,1.00,1.00
2016.07.26 07:03:33.611,1.85551,1.85604,1.00,1.00
2016.07.26 07:03:33.712,1.85544,1.85604,1.00,1.00
2016.07.26 07:03:33.914,1.85544,1.85604,1.00,1.50
2016.07.26 07:03:34.117,1.85557,1.85604,1.00,1.00
2016.07.26 07:03:34.167,1.85562,1.85604,1.00,1.00
2016.07.26 07:03:34.269,1.85562,1.85615,1.00,1.00
2016.07.26 07:03:34.320,1.85566,1.85615,1.00,1.00
2016.07.26 07:03:34.421,1.85566,1.85625,1.00,1.00
2016.07.26 07:03:36.009,1.85566,1.85625,1.50,1.00
2016.07.26 07:03:36.812,1.85566,1.85622,1.00,1.00
2016.07.26 07:03:37.014,1.85566,1.85622,1.12,1.00
2016.07.26 07:03:37.115,1.85566,1.85623,1.37,1.00
2016.07.26 07:03:37.303,1.85566,1.85622,1.50,1.00
2016.07.26 07:03:39.298,1.85566,1.85622,1.12,1.00
2016.07.26 07:03:39.350,1.85566,1.85623,1.00,1.00
2016.07.26 07:03:39.971,1.85562,1.8562,1.00,1.00
2016.07.26 07:03:40.123,1.85556,1.85615,1.00,1.00
2016.07.26 07:03:40.449,1.85552,1.85611,1.00,1.00
2016.07.26 07:03:40.651,1.85552,1.85607,1.00,1.00
2016.07.26 07:03:41.105,1.85547,1.85607,1.00,1.50
2016.07.26 07:03:41.156,1.85547,1.85606,1.12,1.00
2016.07.26 07:03:41.802,1.85547,1.85606,1.00,1.00
2016.07.26 07:03:41.852,1.85547,1.85607,1.00,1.50
2016.07.26 07:03:42.162,1.85547,1.85606,1.12,1.00
2016.07.26 07:03:42.426,1.85547,1.85597,1.00,1.00
2016.07.26 07:03:42.830,1.85543,1.85597,1.00,1.00
2016.07.26 07:03:43.831,1.85543,1.85596,1.00,1.00
2016.07.26 07:03:44.317,1.85538,1.85596,1.87,1.50
2016.07.26 07:03:44.418,1.85538,1.85589,1.00,1.00
2016.07.26 07:03:44.469,1.85532,1.85589,1.00,1.00
2016.07.26 07:03:44.519,1.85532,1.85581,1.00,1.00
2016.07.26 07:03:46.433,1.85532,1.85582,1.00,1.12
2016.07.26 07:03:46.537,1.85537,1.85581,1.00,1.00
2016.07.26 07:03:47.048,1.85538,1.85581,1.00,1.00
2016.07.26 07:03:47.608,1.85533,1.85581,1.00,1.00
2016.07.26 07:03:47.943,1.85542,1.85581,1.00,1.00
2016.07.26 07:03:48.045,1.85542,1.85591,1.00,1.37
2016.07.26 07:03:48.146,1.85548,1.85592,1.00,1.00
2016.07.26 07:03:48.404,1.85552,1.85602,1.00,1.75
2016.07.26 07:03:48.556,1.85552,1.85601,1.00,1.50
2016.07.26 07:03:48.725,1.85558,1.85602,1.00,1.37
2016.07.26 07:03:48.776,1.85558,1.85602,1.00,1.00
2016.07.26 07:03:48.827,1.85558,1.85609,1.00,1.00
2016.07.26 07:03:49.549,1.85558,1.85608,1.00,1.00
2016.07.26 07:03:50.100,1.85558,1.85609,1.00,1.00
2016.07.26 07:03:53.259,1.85558,1.85608,1.00,1.00
2016.07.26 07:03:53.592,1.85563,1.85608,1.00,1.00
2016.07.26 07:03:53.946,1.85563,1.85613,1.00,1.00
2016.07.26 07:03:54.148,1.85559,1.85613,1.50,1.00
2016.07.26 07:03:54.198,1.8557,1.85613,1.00,1.00
2016.07.26 07:03:54.370,1.8557,1.85624,1.00,1.00
2016.07.26 07:03:54.521,1.85565,1.85623,1.00,1.00
2016.07.26 07:03:54.774,1.85565,1.85614,1.00,1.00
2016.07.26 07:03:55.585,1.85565,1.8562,1.00,1.00
2016.07.26 07:03:56.622,1.85581,1.8562,1.00,1.00
2016.07.26 07:03:56.672,1.85576,1.85628,1.00,1.37
2016.07.26 07:03:56.741,1.85576,1.85628,1.00,1.00
2016.07.26 07:03:57.306,1.85576,1.85629,1.00,1.00
2016.07.26 07:03:57.834,1.85576,1.85628,1.00,1.00
2016.07.26 07:03:57.986,1.85584,1.85635,1.00,1.75
2016.07.26 07:03:58.036,1.85589,1.85635,1.00,1.75
2016.07.26 07:03:58.117,1.85579,1.85637,1.00,1.37
2016.07.26 07:03:58.168,1.85579,1.85637,1.00,1.00
2016.07.26 07:03:58.219,1.85577,1.85633,1.00,1.00
2016.07.26 07:03:58.270,1.85574,1.85628,1.12,1.00
2016.07.26 07:03:58.320,1.85574,1.85628,1.00,1.00
2016.07.26 07:03:58.371,1.85569,1.85628,1.00,1.00
2016.07.26 07:03:59.153,1.85569,1.85627,1.00,1.00
2016.07.26 07:03:59.440,1.85576,1.85627,1.00,1.00
2016.07.26 07:03:59.693,1.85586,1.85641,1.00,1.00
2016.07.26 07:04:00.255,1.85586,1.8564,1.00,1.00
2016.07.26 07:04:01.069,1.85586,1.85641,1.00,1.00
2016.07.26 07:04:01.586,1.85586,1.8564,1.00,1.00
2016.07.26 07:04:02.061,1.85578,1.85632,1.37,1.00
2016.07.26 07:04:02.113,1.85577,1.85633,1.00,1.00
2016.07.26 07:04:02.163,1.85577,1.85627,1.00,1.00
2016.07.26 07:04:02.214,1.85574,1.85627,1.00,1.00
2016.07.26 07:04:02.315,1.85583,1.85627,1.00,1.00
2016.07.26 07:04:02.366,1.85583,1.85638,1.00,1.37
2016.07.26 07:04:02.417,1.85583,1.85638,1.00,1.00
2016.07.26 07:04:03.590,1.85576,1.85634,1.00,1.00
2016.07.26 07:04:03.691,1.85575,1.85629,1.00,1.00
2016.07.26 07:04:04.178,1.85579,1.85629,1.00,1.00
2016.07.26 07:04:04.380,1.85585,1.85641,1.00,1.37
2016.07.26 07:04:04.431,1.85585,1.85641,1.00,1.00
2016.07.26 07:04:05.526,1.85585,1.85642,1.00,1.87
2016.07.26 07:04:05.577,1.85573,1.85629,1.30,1.00
2016.07.26 07:04:05.628,1.85573,1.85629,1.00,1.00
2016.07.26 07:04:05.678,1.85565,1.8562,1.37,1.00
2016.07.26 07:04:05.729,1.85565,1.8562,1.00,1.00
2016.07.26 07:04:05.780,1.85561,1.85618,1.00,1.00
2016.07.26 07:04:05.881,1.85561,1.85613,1.00,1.00
2016.07.26 07:04:06.351,1.85565,1.85613,1.00,1.00
2016.07.26 07:04:06.503,1.85565,1.8562,1.00,1.37
2016.07.26 07:04:06.554,1.85565,1.8562,1.00,1.00
2016.07.26 07:04:07.103,1.85565,1.85619,1.00,1.00
2016.07.26 07:04:07.155,1.8556,1.85618,1.00,1.00
2016.07.26 07:04:08.061,1.85554,1.85614,1.00,1.00
2016.07.26 07:04:08.111,1.85554,1.85608,1.00,1.00
2016.07.26 07:04:08.388,1.85549,1.85608,1.00,1.00
2016.07.26 07:04:08.489,1.85549,1.85609,1.00,1.50
2016.07.26 07:04:08.596,1.85549,1.856,1.00,1.00
2016.07.26 07:04:11.869,1.85549,1.85599,1.00,1.00
2016.07.26 07:04:13.287,1.85545,1.85599,1.00,1.00
2016.07.26 07:04:13.439,1.8554,1.85597,1.00,1.00
2016.07.26 07:04:13.490,1.8554,1.85587,1.00,1.00
2016.07.26 07:04:13.541,1.85534,1.85587,1.00,1.00
2016.07.26 07:04:13.642,1.8553,1.85587,1.00,1.00
2016.07.26 07:04:13.693,1.8553,1.85579,1.00,1.00
2016.07.26 07:04:14.498,1.85522,1.85578,1.00,1.00
2016.07.26 07:04:14.599,1.85522,1.85579,1.00,1.50
2016.07.26 07:04:14.650,1.85512,1.85572,1.00,1.00
2016.07.26 07:04:14.700,1.85512,1.85569,1.00,1.00
2016.07.26 07:04:14.858,1.85518,1.85569,1.00,1.00
2016.07.26 07:04:15.010,1.85527,1.85578,1.00,1.75
2016.07.26 07:04:15.262,1.85523,1.85578,1.00,1.75
2016.07.26 07:04:15.414,1.85523,1.85568,1.00,1.00
2016.07.26 07:04:15.566,1.85518,1.85569,1.00,1.00
2016.07.26 07:04:16.134,1.85518,1.85568,1.00,1.00
2016.07.26 07:04:16.522,1.85512,1.85568,1.00,1.00
2016.07.26 07:04:16.623,1.85512,1.85568,1.00,1.37
2016.07.26 07:04:16.674,1.85512,1.85568,1.00,1.75
2016.07.26 07:04:16.778,1.85502,1.8556,1.37,1.00
2016.07.26 07:04:16.829,1.85502,1.8556,1.37,1.37
2016.07.26 07:04:16.879,1.85502,1.8556,1.37,1.75
2016.07.26 07:04:17.464,1.85511,1.85568,1.00,2.25
2016.07.26 07:04:17.566,1.85518,1.85568,1.00,1.75
2016.07.26 07:04:17.616,1.85513,1.85568,1.00,1.50
2016.07.26 07:04:18.280,1.85513,1.85562,1.00,1.00
2016.07.26 07:04:18.968,1.85509,1.85562,1.37,1.00
2016.07.26 07:04:19.019,1.85509,1.85562,1.37,1.37
2016.07.26 07:04:19.069,1.85502,1.85562,1.87,2.25
2016.07.26 07:04:19.120,1.855,1.85555,1.37,1.37
2016.07.26 07:04:19.171,1.855,1.8555,1.37,1.00
2016.07.26 07:04:19.221,1.855,1.8555,1.37,1.37
2016.07.26 07:04:19.272,1.855,1.8555,1.37,1.75
2016.07.26 07:04:20.932,1.85493,1.8554,2.25,1.00
2016.07.26 07:04:21.204,1.85493,1.85547,2.25,1.75
2016.07.26 07:04:21.255,1.85493,1.85547,2.25,1.37
2016.07.26 07:04:21.306,1.85493,1.85547,2.25,1.00
2016.07.26 07:04:21.824,1.85493,1.85548,2.25,1.00
2016.07.26 07:04:21.875,1.85493,1.85546,1.50,1.00
2016.07.26 07:04:22.026,1.85493,1.85536,1.50,1.00
2016.07.26 07:04:22.656,1.85493,1.85537,1.50,1.00
2016.07.26 07:04:22.879,1.85487,1.85537,1.00,1.00
2016.07.26 07:04:22.929,1.85492,1.85537,1.00,1.00
2016.07.26 07:04:23.054,1.85487,1.85537,1.00,1.00
2016.07.26 07:04:24.161,1.85493,1.85537,1.00,1.00
2016.07.26 07:04:24.313,1.85493,1.85544,1.00,1.75
2016.07.26 07:04:24.364,1.85493,1.85544,1.00,1.37
2016.07.26 07:04:24.414,1.85493,1.85544,1.00,1.00
2016.07.26 07:04:24.842,1.85497,1.85544,1.00,1.00
2016.07.26 07:04:24.892,1.85497,1.8555,1.00,1.00
2016.07.26 07:04:25.279,1.85493,1.8555,1.00,1.00
2016.07.26 07:04:27.102,1.85483,1.8554,2.25,1.00
2016.07.26 07:04:27.153,1.85483,1.85534,1.75,1.00
2016.07.26 07:04:27.204,1.85482,1.85534,1.00,1.00
2016.07.26 07:04:27.255,1.8547,1.85529,1.37,1.00
2016.07.26 07:04:27.305,1.8547,1.85529,1.00,1.50
2016.07.26 07:04:27.484,1.8547,1.85528,1.00,1.00
2016.07.26 07:04:28.344,1.8547,1.85529,1.00,1.50
2016.07.26 07:04:29.391,1.8547,1.85529,1.00,1.00
2016.07.26 07:04:30.879,1.85474,1.85534,1.00,1.00
2016.07.26 07:04:33.769,1.85479,1.85538,1.00,1.00
2016.07.26 07:04:33.870,1.85484,1.85541,1.00,1.00
2016.07.26 07:04:33.921,1.85484,1.85544,1.00,1.12
2016.07.26 07:04:34.023,1.85484,1.85544,1.00,1.00
2016.07.26 07:04:34.326,1.8549,1.85547,1.00,1.00
2016.07.26 07:04:39.205,1.85489,1.85549,1.00,1.00
2016.07.26 07:04:39.857,1.85494,1.85554,1.00,1.00
2016.07.26 07:04:40.057,1.85499,1.85558,1.00,1.37
2016.07.26 07:04:40.108,1.85499,1.85559,1.00,1.00
2016.07.26 07:04:40.944,1.85505,1.85563,1.00,1.50
2016.07.26 07:04:41.052,1.85505,1.85563,1.00,1.00
2016.07.26 07:04:41.255,1.85525,1.85572,1.00,1.00
2016.07.26 07:04:41.356,1.85525,1.85583,1.00,1.00
2016.07.26 07:04:41.406,1.8553,1.85583,1.00,1.00
2016.07.26 07:04:41.457,1.8553,1.85586,1.00,1.37
2016.07.26 07:04:41.558,1.8553,1.85586,1.00,1.00
2016.07.26 07:04:44.379,1.8553,1.85587,1.00,1.00
2016.07.26 07:04:45.493,1.85521,1.8558,1.00,1.00
2016.07.26 07:04:45.746,1.8552,1.85579,1.00,1.00
2016.07.26 07:04:49.412,1.85526,1.85579,1.00,1.00
2016.07.26 07:04:49.570,1.85526,1.85583,1.00,1.12
2016.07.26 07:04:49.621,1.85531,1.85588,1.00,1.37
2016.07.26 07:04:49.671,1.85538,1.85589,1.00,1.00
2016.07.26 07:04:49.773,1.85541,1.856,1.00,1.75
2016.07.26 07:04:49.823,1.85541,1.856,1.00,1.00
2016.07.26 07:04:50.085,1.85541,1.85601,1.00,1.50
2016.07.26 07:04:50.627,1.85541,1.856,1.00,1.00
2016.07.26 07:04:51.827,1.85541,1.85601,1.00,1.50
2016.07.26 07:04:52.685,1.85546,1.85601,1.00,1.00
2016.07.26 07:04:52.836,1.85546,1.85605,1.00,1.37
2016.07.26 07:04:53.334,1.85546,1.85605,1.00,1.00
2016.07.26 07:04:57.933,1.85549,1.85609,1.00,1.50
2016.07.26 07:04:58.412,1.85545,1.85603,1.00,1.00
2016.07.26 07:04:58.564,1.85541,1.85598,1.00,1.50
2016.07.26 07:04:58.766,1.85541,1.85598,1.00,1.00
2016.07.26 07:05:00.273,1.85541,1.85598,1.00,1.50
2016.07.26 07:05:00.660,1.85536,1.85594,1.00,1.00
2016.07.26 07:05:02.212,1.8553,1.8559,1.50,1.00
2016.07.26 07:05:02.265,1.8553,1.8559,1.00,1.00
2016.07.26 07:05:02.317,1.85524,1.85581,1.50,1.00
2016.07.26 07:05:02.368,1.85517,1.85577,1.00,1.00
2016.07.26 07:05:02.419,1.85517,1.85577,1.12,1.00
2016.07.26 07:05:02.621,1.85517,1.85577,1.87,1.00
2016.07.26 07:05:02.672,1.85517,1.85577,1.50,1.00
2016.07.26 07:05:02.722,1.85518,1.85577,1.00,1.00
2016.07.26 07:05:03.169,1.85524,1.85582,1.00,1.50
2016.07.26 07:05:03.220,1.85528,1.85582,1.00,1.00
2016.07.26 07:05:03.321,1.85528,1.85582,1.50,1.00
2016.07.26 07:05:03.372,1.8554,1.85582,1.00,1.00
2016.07.26 07:05:03.675,1.85542,1.85582,1.00,1.00
2016.07.26 07:05:04.510,1.85541,1.85582,1.00,1.00
2016.07.26 07:05:05.310,1.8554,1.85582,1.00,1.00
2016.07.26 07:05:05.960,1.8554,1.85595,1.00,1.00
2016.07.26 07:05:06.465,1.85539,1.85595,1.00,1.00
2016.07.26 07:05:06.968,1.85555,1.85595,1.00,1.00
2016.07.26 07:05:07.170,1.85555,1.85612,1.00,1.00
2016.07.26 07:05:11.233,1.85549,1.85609,1.00,1.00
2016.07.26 07:05:11.915,1.85549,1.85609,1.00,1.37
2016.07.26 07:05:12.016,1.85546,1.8559,1.00,1.00
2016.07.26 07:05:12.117,1.85546,1.8559,1.00,2.25
2016.07.26 07:05:12.218,1.85546,1.85586,1.00,1.00
2016.07.26 07:05:12.320,1.85546,1.8559,1.00,1.12
2016.07.26 07:05:14.541,1.85546,1.8559,1.00,1.12
2016.07.26 07:05:15.150,1.8553,1.85588,1.00,1.00
2016.07.26 07:05:15.393,1.8553,1.85588,1.00,1.50
2016.07.26 07:05:15.689,1.8553,1.85588,1.00,1.00
2016.07.26 07:05:15.950,1.85526,1.85584,1.00,1.00
2016.07.26 07:05:16.243,1.85526,1.85584,1.00,1.37
2016.07.26 07:05:16.294,1.85522,1.85579,1.00,1.00
2016.07.26 07:05:16.345,1.85519,1.85575,1.37,1.00
2016.07.26 07:05:16.845,1.85519,1.85568,1.37,1.00
2016.07.26 07:05:17.148,1.85519,1.85564,1.37,1.00
2016.07.26 07:05:17.291,1.85519,1.85569,1.37,1.00
2016.07.26 07:05:18.645,1.8552,1.85569,1.00,1.00
2016.07.26 07:05:18.695,1.8552,1.85569,1.00,1.00
2016.07.26 07:05:18.746,1.85509,1.85568,1.00,1.00
2016.07.26 07:05:19.169,1.85509,1.85568,1.00,1.12
2016.07.26 07:05:19.224,1.85507,1.85558,1.00,1.00
2016.07.26 07:05:19.274,1.85507,1.85558,1.00,1.12
2016.07.26 07:05:19.325,1.85507,1.85558,1.00,1.87
2016.07.26 07:05:19.375,1.85499,1.85558,1.00,1.87
2016.07.26 07:05:19.527,1.85499,1.85558,1.50,1.12
2016.07.26 07:05:19.577,1.85499,1.85558,1.50,1.00
2016.07.26 07:05:19.678,1.85503,1.85563,1.00,2.62
2016.07.26 07:05:19.780,1.85503,1.85563,1.00,2.25
2016.07.26 07:05:19.830,1.85503,1.85563,1.00,1.75
2016.07.26 07:05:20.181,1.85508,1.85564,1.00,1.12
2016.07.26 07:05:20.282,1.85508,1.85567,1.00,1.37
2016.07.26 07:05:20.451,1.85508,1.85568,1.00,2.62
2016.07.26 07:05:20.797,1.85508,1.85567,1.00,1.00
2016.07.26 07:05:20.848,1.85508,1.85567,1.00,1.00
2016.07.26 07:05:21.762,1.85506,1.85563,1.00,1.00
2016.07.26 07:05:21.813,1.85504,1.85561,1.12,1.00
2016.07.26 07:05:21.914,1.85504,1.85561,1.00,1.00
2016.07.26 07:05:22.212,1.85504,1.85563,1.00,1.00
2016.07.26 07:05:23.299,1.85501,1.85558,1.00,1.00
2016.07.26 07:05:23.451,1.855,1.85558,1.50,1.00
2016.07.26 07:05:23.656,1.855,1.85558,1.00,1.00
2016.07.26 07:05:23.939,1.85504,1.85564,1.00,1.87
2016.07.26 07:05:24.047,1.85505,1.85564,1.00,1.50
2016.07.26 07:05:24.101,1.85505,1.85564,1.00,1.00
2016.07.26 07:05:24.152,1.85504,1.85564,1.50,1.00
2016.07.26 07:05:24.203,1.85504,1.85559,1.00,1.00
2016.07.26 07:05:24.254,1.85499,1.85559,1.50,1.00
2016.07.26 07:05:24.406,1.85499,1.85559,1.50,1.12
2016.07.26 07:05:24.723,1.85499,1.85559,1.50,1.00
2016.07.26 07:05:25.064,1.85499,1.85559,1.00,2.25
2016.07.26 07:05:25.116,1.85499,1.85559,1.00,1.50
2016.07.26 07:05:25.166,1.85499,1.85559,1.37,1.50
2016.07.26 07:05:25.267,1.85499,1.85559,1.12,1.50
2016.07.26 07:05:25.317,1.855,1.85559,1.00,1.50
2016.07.26 07:05:25.368,1.855,1.85559,1.12,1.00
2016.07.26 07:05:25.419,1.85499,1.85559,1.87,1.00
2016.07.26 07:05:25.519,1.85499,1.85559,1.50,1.00
2016.07.26 07:05:25.570,1.85499,1.85559,1.87,1.50
2016.07.26 07:05:25.663,1.85499,1.85559,1.12,1.50
2016.07.26 07:05:25.867,1.85499,1.85559,1.12,1.00
2016.07.26 07:05:25.917,1.85499,1.85559,1.00,1.00
2016.07.26 07:05:26.465,1.85499,1.85558,1.00,1.00
2016.07.26 07:05:27.126,1.85496,1.85553,1.00,1.00
2016.07.26 07:05:27.576,1.85496,1.8555,1.00,1.00
2016.07.26 07:05:28.318,1.85491,1.85548,1.00,1.00
2016.07.26 07:05:28.470,1.8548,1.85538,1.00,1.00
2016.07.26 07:05:28.672,1.8548,1.85535,1.00,1.00
2016.07.26 07:05:29.623,1.8548,1.85535,1.00,1.50
2016.07.26 07:05:29.724,1.85473,1.85531,1.00,1.50
2016.07.26 07:05:29.825,1.85468,1.85524,1.12,1.00
2016.07.26 07:05:29.876,1.85467,1.85517,1.00,1.00
2016.07.26 07:05:29.926,1.85467,1.8551,1.00,1.00
2016.07.26 07:05:29.977,1.85454,1.8551,1.12,1.00
2016.07.26 07:05:30.028,1.85453,1.85507,1.37,1.00
2016.07.26 07:05:30.079,1.85446,1.85498,2.70,1.00
2016.07.26 07:05:30.129,1.85441,1.85493,1.37,1.00
2016.07.26 07:05:30.180,1.85438,1.85493,1.00,1.00
2016.07.26 07:05:30.231,1.85435,1.85493,1.50,1.00
2016.07.26 07:05:30.335,1.85431,1.8549,1.12,1.00
2016.07.26 07:05:30.385,1.85428,1.85483,1.37,1.00
2016.07.26 07:05:30.436,1.8542,1.85479,1.75,1.00
2016.07.26 07:05:30.537,1.85425,1.85483,1.00,1.00
2016.07.26 07:05:30.588,1.85431,1.85479,1.00,1.00
2016.07.26 07:05:30.690,1.85431,1.85489,1.00,1.37
2016.07.26 07:05:30.842,1.85436,1.85491,1.00,1.00
2016.07.26 07:05:30.892,1.8543,1.8549,1.00,1.00
2016.07.26 07:05:31.145,1.8543,1.85484,1.00,1.00
2016.07.26 07:05:31.679,1.8543,1.85485,1.00,1.00
2016.07.26 07:05:31.980,1.85426,1.85485,1.50,1.50
2016.07.26 07:05:32.030,1.85426,1.85485,1.00,1.87
2016.07.26 07:05:32.128,1.85426,1.85485,1.00,2.25
2016.07.26 07:05:32.179,1.85426,1.85477,1.00,1.37
2016.07.26 07:05:32.230,1.85426,1.85477,1.00,1.50
2016.07.26 07:05:32.280,1.85421,1.85478,1.00,1.75
2016.07.26 07:05:32.575,1.85421,1.85477,1.00,1.50
2016.07.26 07:05:33.037,1.85417,1.85476,1.00,1.37
2016.07.26 07:05:33.088,1.85412,1.8547,1.00,1.00
2016.07.26 07:05:33.139,1.85407,1.85467,1.87,1.37
2016.07.26 07:05:33.189,1.85407,1.85462,1.50,1.00
2016.07.26 07:05:33.300,1.85402,1.85454,1.00,1.00
2016.07.26 07:05:33.351,1.85388,1.85442,1.37,1.12
2016.07.26 07:05:33.401,1.85388,1.85438,1.00,1.00
2016.07.26 07:05:33.452,1.85388,1.85438,1.00,1.37
2016.07.26 07:05:33.502,1.85388,1.85432,1.00,1.00
2016.07.26 07:05:33.553,1.85371,1.85429,1.37,1.00
2016.07.26 07:05:33.654,1.85369,1.85429,1.75,1.00
2016.07.26 07:05:33.705,1.85369,1.85429,1.50,1.00
2016.07.26 07:05:33.806,1.85369,1.85429,1.75,1.00
2016.07.26 07:05:34.315,1.85374,1.85432,1.00,1.00
2016.07.26 07:05:35.338,1.85387,1.85432,1.00,1.00
2016.07.26 07:05:35.490,1.85392,1.85442,1.00,1.75
2016.07.26 07:05:35.541,1.85392,1.85442,1.00,1.37
2016.07.26 07:05:35.642,1.85392,1.85442,1.00,1.00
2016.07.26 07:05:36.193,1.85392,1.85443,1.00,1.00
2016.07.26 07:05:37.062,1.85388,1.85443,1.00,1.00
2016.07.26 07:05:37.365,1.85387,1.85443,1.00,1.37
2016.07.26 07:05:37.416,1.85387,1.85443,1.00,1.50
2016.07.26 07:05:37.466,1.85387,1.85443,1.00,1.12
2016.07.26 07:05:37.517,1.85387,1.85443,1.00,1.00
2016.07.26 07:05:37.921,1.85389,1.85442,1.00,1.00
2016.07.26 07:05:38.079,1.85387,1.85442,1.00,1.50
2016.07.26 07:05:38.129,1.85381,1.85437,1.37,1.00
2016.07.26 07:05:38.230,1.85381,1.85437,1.50,1.00
2016.07.26 07:05:38.281,1.85379,1.85437,1.75,1.00
2016.07.26 07:05:38.765,1.85379,1.85436,1.75,1.00
2016.07.26 07:05:40.619,1.85373,1.85433,1.75,1.50
2016.07.26 07:05:40.670,1.85372,1.85427,1.50,1.00
2016.07.26 07:05:40.721,1.85369,1.85427,2.25,1.00
2016.07.26 07:05:40.772,1.85369,1.85427,1.87,1.00
2016.07.26 07:05:40.873,1.85369,1.85427,1.50,1.00
2016.07.26 07:05:40.923,1.85369,1.85427,1.00,1.00
2016.07.26 07:05:42.339,1.85369,1.85427,1.00,1.37
2016.07.26 07:05:42.516,1.85371,1.85427,1.00,1.00
2016.07.26 07:05:42.668,1.85373,1.85427,1.00,1.00
2016.07.26 07:05:42.769,1.85374,1.85428,1.00,1.00
2016.07.26 07:05:42.975,1.85375,1.85428,1.00,1.00
2016.07.26 07:05:43.444,1.85374,1.85428,1.50,1.00
2016.07.26 07:05:43.545,1.85374,1.85428,1.37,1.00
2016.07.26 07:05:43.637,1.85374,1.85428,1.75,1.00
2016.07.26 07:05:44.161,1.85375,1.85428,1.50,1.00
2016.07.26 07:05:44.528,1.85375,1.85428,1.00,1.00
2016.07.26 07:05:44.763,1.85374,1.85428,1.75,1.00
2016.07.26 07:05:45.131,1.85378,1.85429,1.00,1.00
2016.07.26 07:05:45.182,1.85378,1.85429,1.37,1.00
2016.07.26 07:05:45.283,1.85379,1.85428,1.00,1.00
2016.07.26 07:05:46.174,1.85378,1.85429,2.25,1.00
2016.07.26 07:05:46.443,1.85378,1.85428,1.87,1.00
2016.07.26 07:05:46.493,1.85378,1.85428,1.50,1.00
2016.07.26 07:05:47.872,1.85378,1.85428,1.00,1.00
2016.07.26 07:05:48.394,1.85379,1.85428,1.00,1.00
2016.07.26 07:05:48.583,1.85379,1.85428,1.37,1.00
2016.07.26 07:05:48.743,1.85379,1.85429,1.00,1.00
2016.07.26 07:05:48.945,1.85386,1.85436,1.12,1.00
2016.07.26 07:05:48.996,1.85386,1.85435,1.50,1.00
2016.07.26 07:05:49.046,1.85386,1.85443,2.25,1.00
2016.07.26 07:05:49.148,1.85386,1.85443,1.50,1.00
2016.07.26 07:05:49.299,1.85386,1.85442,1.50,1.50
2016.07.26 07:05:49.350,1.85381,1.85427,1.37,1.00
2016.07.26 07:05:49.401,1.85378,1.85427,1.00,1.00
2016.07.26 07:05:49.451,1.85368,1.85425,1.75,1.50
2016.07.26 07:05:49.502,1.85368,1.85425,1.50,1.50
2016.07.26 07:05:49.564,1.85368,1.85425,1.12,1.00
2016.07.26 07:05:49.615,1.85368,1.85426,1.00,1.00
2016.07.26 07:05:49.666,1.85363,1.85423,1.75,1.00
2016.07.26 07:05:49.929,1.85363,1.85423,2.25,1.00
2016.07.26 07:05:49.980,1.85371,1.85423,1.00,1.00
2016.07.26 07:05:50.587,1.85367,1.85423,1.50,1.00
2016.07.26 07:05:50.637,1.85367,1.85423,1.00,1.00
2016.07.26 07:05:50.688,1.85366,1.85423,1.50,1.00
2016.07.26 07:05:52.075,1.85366,1.85423,1.75,1.00
2016.07.26 07:05:52.532,1.85368,1.85423,1.12,1.00
2016.07.26 07:05:52.633,1.85367,1.85423,1.50,1.00
2016.07.26 07:05:53.200,1.85371,1.85426,1.12,1.50
2016.07.26 07:05:53.359,1.85371,1.85425,1.50,1.00
2016.07.26 07:05:53.460,1.85371,1.85425,1.12,1.00
2016.07.26 07:05:53.511,1.85371,1.85425,1.00,1.00
2016.07.26 07:05:53.889,1.85371,1.85426,1.50,1.00
2016.07.26 07:05:53.939,1.85371,1.85426,2.25,1.00
2016.07.26 07:05:54.040,1.85373,1.85433,1.12,2.25
2016.07.26 07:05:54.127,1.85373,1.85432,1.50,1.50
2016.07.26 07:05:54.178,1.8538,1.85432,1.00,1.37
2016.07.26 07:05:54.228,1.8538,1.85432,1.00,1.00
2016.07.26 07:05:54.279,1.8538,1.85432,1.50,1.00
2016.07.26 07:05:54.389,1.8538,1.85433,1.12,1.00
2016.07.26 07:05:54.798,1.8538,1.85432,1.50,1.00
2016.07.26 07:05:54.848,1.8538,1.85432,1.00,1.00
2016.07.26 07:05:54.952,1.85379,1.85432,1.00,1.00
2016.07.26 07:05:57.631,1.85379,1.85432,1.87,1.00
2016.07.26 07:05:57.682,1.85379,1.85432,1.75,1.00
2016.07.26 07:05:57.957,1.85379,1.85433,1.87,1.00
2016.07.26 07:05:58.058,1.85379,1.85433,2.25,1.00
2016.07.26 07:05:58.159,1.85379,1.85433,1.75,1.00
2016.07.26 07:05:58.209,1.85391,1.85433,1.00,1.00
2016.07.26 07:05:58.310,1.85393,1.8544,1.00,1.00
2016.07.26 07:05:58.362,1.85393,1.8544,1.37,1.00
2016.07.26 07:05:58.413,1.85393,1.85448,1.12,1.75
2016.07.26 07:05:58.463,1.85391,1.85448,1.75,1.75
2016.07.26 07:05:58.514,1.85391,1.85448,1.75,1.00
2016.07.26 07:05:58.665,1.85391,1.85448,1.50,1.00
2016.07.26 07:05:58.766,1.85391,1.85448,1.12,1.00
2016.07.26 07:05:59.224,1.85391,1.85448,1.00,1.00
2016.07.26 07:05:59.391,1.85382,1.85439,2.62,1.00
2016.07.26 07:05:59.442,1.85382,1.85439,1.50,1.00
2016.07.26 07:05:59.492,1.85382,1.85439,1.12,1.00
2016.07.26 07:05:59.543,1.85393,1.85446,1.00,1.75
2016.07.26 07:05:59.593,1.85393,1.85445,1.00,1.00
2016.07.26 07:05:59.644,1.85388,1.85445,1.37,1.00
2016.07.26 07:05:59.695,1.85388,1.85446,1.75,1.37
2016.07.26 07:05:59.745,1.85388,1.85446,1.37,1.00
2016.07.26 07:05:59.796,1.85388,1.85446,1.00,1.00
2016.07.26 07:05:59.963,1.85388,1.85446,1.37,1.00
2016.07.26 07:06:00.014,1.85388,1.85446,1.75,1.00
2016.07.26 07:06:00.118,1.85392,1.85451,1.50,1.00
2016.07.26 07:06:00.168,1.85392,1.85451,1.00,1.00
2016.07.26 07:06:00.829,1.85392,1.85451,1.37,1.00
2016.07.26 07:06:00.945,1.85393,1.85451,1.00,1.00
2016.07.26 07:06:01.094,1.85403,1.85454,1.00,1.00
2016.07.26 07:06:01.144,1.85403,1.85454,1.37,1.00
2016.07.26 07:06:01.195,1.85403,1.85462,1.75,1.75
2016.07.26 07:06:01.246,1.85408,1.85465,1.37,1.75
2016.07.26 07:06:01.297,1.85408,1.85464,1.50,1.37
2016.07.26 07:06:01.347,1.85408,1.85464,1.50,1.00
2016.07.26 07:06:01.832,1.85408,1.85464,1.12,1.00
2016.07.26 07:06:01.883,1.85408,1.85465,1.00,1.00
2016.07.26 07:06:02.132,1.85408,1.85465,1.37,1.00
2016.07.26 07:06:02.183,1.85414,1.85465,1.00,1.00
2016.07.26 07:06:02.233,1.85414,1.85465,1.12,1.00
2016.07.26 07:06:02.496,1.85414,1.85473,1.12,1.00
2016.07.26 07:06:03.223,1.85412,1.85466,1.75,1.00
2016.07.26 07:06:03.274,1.85409,1.85466,1.75,1.00
2016.07.26 07:06:03.324,1.85409,1.85466,1.87,1.00
2016.07.26 07:06:03.375,1.85409,1.85466,1.00,1.00
2016.07.26 07:06:03.476,1.85409,1.85466,1.00,1.37
2016.07.26 07:06:03.577,1.85409,1.85466,1.00,1.00
2016.07.26 07:06:04.432,1.85403,1.85458,1.12,1.00
2016.07.26 07:06:04.483,1.85402,1.85458,1.12,1.00
2016.07.26 07:06:04.610,1.85402,1.85458,1.37,1.00
2016.07.26 07:06:04.664,1.854,1.85458,1.75,1.00
2016.07.26 07:06:04.937,1.85401,1.85458,1.00,1.00
2016.07.26 07:06:04.988,1.854,1.85458,1.50,1.00
2016.07.26 07:06:05.890,1.85401,1.85458,1.00,1.00
2016.07.26 07:06:06.035,1.8541,1.85459,1.00,1.00
2016.07.26 07:06:06.187,1.8541,1.85467,1.00,1.00
2016.07.26 07:06:06.745,1.8541,1.85466,1.00,1.00
2016.07.26 07:06:06.846,1.8541,1.85467,1.00,1.37
2016.07.26 07:06:07.102,1.8541,1.85466,1.00,1.12
2016.07.26 07:06:07.153,1.8541,1.85466,1.00,1.00
2016.07.26 07:06:07.297,1.8541,1.85467,1.00,1.12
2016.07.26 07:06:08.147,1.8541,1.85467,1.00,1.00
2016.07.26 07:06:09.115,1.8541,1.85466,1.00,1.00
2016.07.26 07:06:09.351,1.8541,1.85466,1.37,1.00
2016.07.26 07:06:09.402,1.8541,1.85466,1.50,1.00
2016.07.26 07:06:09.453,1.8541,1.85466,1.12,1.00
2016.07.26 07:06:09.503,1.8541,1.85467,1.00,1.00
2016.07.26 07:06:10.053,1.85406,1.85464,1.00,1.37
2016.07.26 07:06:10.151,1.85406,1.85464,1.00,1.50
2016.07.26 07:06:10.462,1.85406,1.85464,1.00,1.12
2016.07.26 07:06:10.513,1.85406,1.85464,1.00,1.00
2016.07.26 07:06:11.745,1.85402,1.85459,1.50,1.00
2016.07.26 07:06:11.857,1.85401,1.85459,1.75,1.00
2016.07.26 07:06:11.908,1.85402,1.85459,1.00,1.00
2016.07.26 07:06:12.009,1.85401,1.85458,1.37,1.00
2016.07.26 07:06:12.167,1.85398,1.85454,1.37,1.00
2016.07.26 07:06:12.509,1.85402,1.85454,1.00,1.00
2016.07.26 07:06:12.663,1.85398,1.85454,1.75,1.00
2016.07.26 07:06:12.764,1.85398,1.85454,1.37,1.00
2016.07.26 07:06:14.279,1.85398,1.85454,1.75,1.00
2016.07.26 07:06:14.380,1.85404,1.85454,1.37,1.00
2016.07.26 07:06:14.431,1.85404,1.85459,1.37,1.00
2016.07.26 07:06:14.675,1.8541,1.85467,1.12,1.50
2016.07.26 07:06:15.112,1.8541,1.85467,1.37,1.50
2016.07.26 07:06:15.500,1.85419,1.85467,1.00,1.00
2016.07.26 07:06:15.551,1.85424,1.85467,1.00,1.00
2016.07.26 07:06:15.601,1.85424,1.85467,1.12,1.00
2016.07.26 07:06:15.652,1.85429,1.85467,1.00,1.00
2016.07.26 07:06:15.702,1.85429,1.85467,1.12,1.00
2016.07.26 07:06:15.804,1.85429,1.85467,1.37,1.00
2016.07.26 07:06:15.987,1.85435,1.85467,1.00,1.00
2016.07.26 07:06:16.037,1.85435,1.85469,1.00,1.00
2016.07.26 07:06:16.139,1.85435,1.85493,1.00,1.12
2016.07.26 07:06:16.189,1.85433,1.85489,1.00,1.37
2016.07.26 07:06:16.240,1.85429,1.85488,1.37,1.12
2016.07.26 07:06:16.291,1.85429,1.85488,1.37,1.37
2016.07.26 07:06:16.341,1.85427,1.85484,1.37,1.00
2016.07.26 07:06:16.392,1.85427,1.85484,1.37,1.12
2016.07.26 07:06:16.443,1.85427,1.85479,1.37,1.00
2016.07.26 07:06:16.493,1.85427,1.85479,1.37,1.37
2016.07.26 07:06:16.544,1.85427,1.85479,1.37,1.87
2016.07.26 07:06:16.645,1.85427,1.85475,1.37,1.00
2016.07.26 07:06:16.796,1.85427,1.85475,1.37,1.12
2016.07.26 07:06:17.209,1.85427,1.85473,1.37,1.00
2016.07.26 07:06:17.797,1.85415,1.85473,1.00,1.00
2016.07.26 07:06:18.150,1.85415,1.85475,1.00,1.00
2016.07.26 07:06:18.246,1.85415,1.85475,1.00,1.00
2016.07.26 07:06:19.064,1.85415,1.85475,1.00,1.37
2016.07.26 07:06:19.115,1.85415,1.85473,1.00,1.00
2016.07.26 07:06:19.711,1.85415,1.85475,1.00,2.25
2016.07.26 07:06:19.762,1.85415,1.85472,1.00,1.00
2016.07.26 07:06:20.538,1.85415,1.85475,1.00,1.87
2016.07.26 07:06:20.588,1.85415,1.85475,1.00,1.50
2016.07.26 07:06:20.918,1.85415,1.85475,1.00,1.87
2016.07.26 07:06:21.363,1.85411,1.85466,1.00,1.00
2016.07.26 07:06:21.414,1.8541,1.85466,1.00,1.37
2016.07.26 07:06:21.574,1.85409,1.85467,1.00,1.75
2016.07.26 07:06:21.625,1.85405,1.85462,1.00,1.12
2016.07.26 07:06:21.726,1.85406,1.85462,1.00,1.00
2016.07.26 07:06:21.777,1.85409,1.85467,1.00,1.75
2016.07.26 07:06:21.828,1.85409,1.85467,1.50,1.75
2016.07.26 07:06:21.878,1.85409,1.85467,1.50,1.87
2016.07.26 07:06:21.929,1.85409,1.85467,1.50,1.50
2016.07.26 07:06:21.979,1.85409,1.85467,1.50,1.87
2016.07.26 07:06:22.030,1.85409,1.85467,1.50,2.25
2016.07.26 07:06:22.080,1.85409,1.85467,1.00,2.25
2016.07.26 07:06:22.182,1.85409,1.85467,1.00,1.87
2016.07.26 07:06:22.232,1.85409,1.85467,1.00,1.50
2016.07.26 07:06:22.897,1.85409,1.85467,1.00,1.00
2016.07.26 07:06:23.602,1.8541,1.85467,1.00,1.00
2016.07.26 07:06:24.173,1.85411,1.85467,1.00,1.00
2016.07.26 07:06:24.428,1.85409,1.85467,1.12,1.00
2016.07.26 07:06:25.576,1.85409,1.85467,1.50,1.00
2016.07.26 07:06:25.626,1.85412,1.85467,1.00,1.00
2016.07.26 07:06:25.870,1.85409,1.85467,1.87,1.00
2016.07.26 07:06:25.921,1.85409,1.85467,1.50,1.00
2016.07.26 07:06:26.106,1.85409,1.85467,1.50,1.12
2016.07.26 07:06:26.157,1.85409,1.85467,1.00,1.12
2016.07.26 07:06:26.207,1.85409,1.85467,1.00,1.37
2016.07.26 07:06:26.356,1.85409,1.85466,1.00,1.00
2016.07.26 07:06:27.689,1.85409,1.85467,1.00,1.50
2016.07.26 07:06:27.742,1.85407,1.85464,1.50,1.00
2016.07.26 07:06:27.792,1.85407,1.85456,1.50,1.00
2016.07.26 07:06:27.843,1.85407,1.85456,1.00,1.00
2016.07.26 07:06:27.945,1.85407,1.85456,1.00,1.12
2016.07.26 07:06:27.995,1.85395,1.85457,2.25,1.50
2016.07.26 07:06:28.046,1.85395,1.85452,2.25,1.00
2016.07.26 07:06:28.223,1.85396,1.85452,1.50,1.00
2016.07.26 07:06:28.522,1.85396,1.85452,1.37,1.00
2016.07.26 07:06:28.742,1.85396,1.85452,1.50,1.00
2016.07.26 07:06:28.844,1.85395,1.85452,1.75,1.00
2016.07.26 07:06:29.182,1.85395,1.85452,1.37,1.00
2016.07.26 07:06:29.232,1.85394,1.85452,3.37,1.00
2016.07.26 07:06:29.784,1.85394,1.85452,3.00,1.00
2016.07.26 07:06:29.888,1.85394,1.85452,2.62,1.00
2016.07.26 07:06:30.705,1.85396,1.85452,1.00,1.00
2016.07.26 07:06:30.887,1.85395,1.85452,1.75,1.00
2016.07.26 07:06:30.938,1.85394,1.85452,3.00,1.00
2016.07.26 07:06:31.096,1.85395,1.85452,1.75,1.00
2016.07.26 07:06:31.608,1.85394,1.85452,3.00,1.00
2016.07.26 07:06:31.831,1.85395,1.85452,1.37,1.00
2016.07.26 07:06:31.881,1.85396,1.85452,1.00,1.00
2016.07.26 07:06:32.291,1.85395,1.85452,1.37,1.00
2016.07.26 07:06:32.342,1.85395,1.85452,1.00,1.00
2016.07.26 07:06:32.444,1.85394,1.85451,1.50,1.00
2016.07.26 07:06:32.628,1.85394,1.85452,1.50,1.50
2016.07.26 07:06:32.928,1.85394,1.8545,1.50,1.00
2016.07.26 07:06:33.329,1.85394,1.85452,1.50,1.00
2016.07.26 07:06:33.830,1.85394,1.85451,1.50,1.00
2016.07.26 07:06:34.630,1.85394,1.85452,1.50,1.00
2016.07.26 07:06:34.885,1.85394,1.85447,1.00,1.00
2016.07.26 07:06:34.936,1.85394,1.85447,1.00,1.00
2016.07.26 07:06:35.720,1.85395,1.85453,1.00,1.50
2016.07.26 07:06:35.774,1.85399,1.85453,1.00,1.00
2016.07.26 07:06:35.875,1.85397,1.85453,1.00,1.00
2016.07.26 07:06:35.926,1.85402,1.85453,1.00,1.00
2016.07.26 07:06:36.730,1.85401,1.85453,1.00,1.00
2016.07.26 07:06:37.232,1.85402,1.85453,1.00,1.00
2016.07.26 07:06:37.723,1.85402,1.8545,1.00,1.00
2016.07.26 07:06:37.824,1.85396,1.8545,1.75,1.00
2016.07.26 07:06:37.926,1.85395,1.8545,1.37,1.00
2016.07.26 07:06:37.977,1.85395,1.8545,1.00,1.00
2016.07.26 07:06:39.587,1.85395,1.8545,1.00,1.12
2016.07.26 07:06:39.932,1.85394,1.8545,1.00,1.00
2016.07.26 07:06:39.984,1.85405,1.85458,1.00,1.12
2016.07.26 07:06:40.034,1.85405,1.85458,1.00,1.00
2016.07.26 07:06:40.085,1.85411,1.85463,1.00,1.46
2016.07.26 07:06:40.136,1.85411,1.85465,1.00,1.46
2016.07.26 07:06:40.186,1.8541,1.85465,1.00,1.34
2016.07.26 07:06:40.287,1.85409,1.85465,1.00,1.71
2016.07.26 07:06:40.338,1.85405,1.85463,1.37,1.84
2016.07.26 07:06:40.389,1.85401,1.8546,2.25,1.37
2016.07.26 07:06:40.439,1.85401,1.8546,1.37,1.75
2016.07.26 07:06:40.490,1.85401,1.8546,1.00,1.75
2016.07.26 07:06:42.902,1.854,1.85453,1.00,1.00
2016.07.26 07:06:43.054,1.85391,1.85446,2.25,1.00
2016.07.26 07:06:43.105,1.85391,1.85446,1.87,1.00
2016.07.26 07:06:43.155,1.85391,1.85446,1.00,1.00
2016.07.26 07:06:43.206,1.85391,1.85442,1.00,1.00
2016.07.26 07:06:43.330,1.85384,1.85442,2.25,1.00
2016.07.26 07:06:43.381,1.85384,1.85442,1.87,1.00
2016.07.26 07:06:43.482,1.85383,1.85436,1.50,1.00
2016.07.26 07:06:43.532,1.85379,1.85436,1.50,1.50
2016.07.26 07:06:43.634,1.85377,1.85433,1.12,1.00
2016.07.26 07:06:43.685,1.85376,1.85433,2.25,1.00
2016.07.26 07:06:43.736,1.85378,1.85436,1.75,1.00
2016.07.26 07:06:43.837,1.85376,1.85436,3.00,1.00
2016.07.26 07:06:43.938,1.85376,1.85436,2.25,1.00
2016.07.26 07:06:44.039,1.85378,1.85436,1.50,1.00
2016.07.26 07:06:44.259,1.85384,1.85439,1.75,1.00
2016.07.26 07:06:44.360,1.85384,1.85439,2.25,1.00
2016.07.26 07:06:44.411,1.85385,1.85445,1.75,1.00
2016.07.26 07:06:44.532,1.85387,1.85445,1.12,1.00
2016.07.26 07:06:44.959,1.85387,1.85445,1.00,1.00
2016.07.26 07:06:45.167,1.85386,1.85445,1.12,1.00
2016.07.26 07:06:45.218,1.85387,1.85445,1.00,1.00
2016.07.26 07:06:45.268,1.85387,1.85445,1.37,1.00
2016.07.26 07:06:45.319,1.85391,1.85448,2.25,1.00
2016.07.26 07:06:45.434,1.85392,1.85448,1.75,1.00
2016.07.26 07:06:45.785,1.85394,1.85448,1.75,1.00
2016.07.26 07:06:46.282,1.85395,1.85453,1.50,1.00
2016.07.26 07:06:46.902,1.85394,1.85449,1.37,1.00
2016.07.26 07:06:46.953,1.85392,1.85449,2.25,1.00
2016.07.26 07:06:47.155,1.85392,1.85449,1.37,1.00
2016.07.26 07:06:47.205,1.85392,1.85449,1.12,1.00
2016.07.26 07:06:47.306,1.85392,1.85449,1.00,1.00
2016.07.26 07:06:47.357,1.85392,1.85449,1.50,1.00
2016.07.26 07:06:47.463,1.85392,1.85449,1.00,1.50
2016.07.26 07:06:47.721,1.85391,1.85449,1.50,1.50
2016.07.26 07:06:49.421,1.85391,1.85449,1.50,1.00
2016.07.26 07:06:49.472,1.85391,1.85449,1.75,1.00
2016.07.26 07:06:49.572,1.85397,1.85451,1.37,1.00
2016.07.26 07:06:49.623,1.85404,1.8546,1.50,1.37
2016.07.26 07:06:49.674,1.85404,1.85459,1.87,1.00
2016.07.26 07:06:49.724,1.85414,1.85459,1.00,1.00
2016.07.26 07:06:49.775,1.85414,1.85462,1.00,1.00
2016.07.26 07:06:49.825,1.85414,1.85468,1.00,1.00
2016.07.26 07:06:49.876,1.85414,1.85468,1.37,1.00
2016.07.26 07:06:49.927,1.85417,1.85473,1.00,1.00
2016.07.26 07:06:50.646,1.85416,1.85473,1.12,1.00
2016.07.26 07:06:50.697,1.85416,1.85473,1.37,1.00
2016.07.26 07:06:50.747,1.85416,1.85473,1.50,1.00
2016.07.26 07:06:50.849,1.85419,1.85478,1.12,1.50
2016.07.26 07:06:50.899,1.85419,1.85478,1.37,1.37
2016.07.26 07:06:50.950,1.85419,1.85478,1.75,1.00
2016.07.26 07:06:51.051,1.8542,1.85478,1.75,1.00
2016.07.26 07:06:51.604,1.85421,1.85478,1.75,1.00
2016.07.26 07:06:51.822,1.8542,1.85478,2.25,1.00
2016.07.26 07:06:51.873,1.85421,1.85478,1.75,1.00
2016.07.26 07:06:52.025,1.85421,1.85478,2.25,1.00
2016.07.26 07:06:52.131,1.85422,1.85478,1.75,1.00
2016.07.26 07:06:52.232,1.8542,1.85478,2.25,1.00
2016.07.26 07:06:52.451,1.8542,1.85478,1.75,1.00
2016.07.26 07:06:53.286,1.85425,1.85478,1.00,1.00
2016.07.26 07:06:53.337,1.85421,1.85478,1.75,1.00
2016.07.26 07:06:53.438,1.8542,1.85472,1.75,1.00
2016.07.26 07:06:53.489,1.8542,1.85472,1.37,1.00
2016.07.26 07:06:53.539,1.8542,1.85472,1.00,1.00
2016.07.26 07:06:53.641,1.85414,1.85471,1.00,1.00
2016.07.26 07:06:53.691,1.85414,1.85471,1.37,1.00
2016.07.26 07:06:53.742,1.85414,1.85471,1.50,1.00
2016.07.26 07:06:53.843,1.85414,1.85471,1.75,1.00
2016.07.26 07:06:53.944,1.85419,1.85471,1.00,1.00
2016.07.26 07:06:54.093,1.85414,1.85471,1.75,1.00
2016.07.26 07:06:54.146,1.85419,1.85476,1.50,1.00
2016.07.26 07:06:54.197,1.85419,1.85476,1.87,1.00
2016.07.26 07:06:54.248,1.85421,1.85476,1.00,1.00
2016.07.26 07:06:54.792,1.8542,1.85476,1.37,1.00
2016.07.26 07:06:54.843,1.85419,1.85476,1.87,1.00
2016.07.26 07:06:55.029,1.85419,1.85476,1.50,1.00
2016.07.26 07:06:55.166,1.8542,1.85476,1.00,1.00
2016.07.26 07:06:55.267,1.85419,1.85476,1.12,1.00
2016.07.26 07:06:55.564,1.85419,1.85476,1.50,1.00
2016.07.26 07:06:55.666,1.85419,1.85476,1.75,1.00
2016.07.26 07:06:55.717,1.85425,1.85481,1.00,1.12
2016.07.26 07:06:55.768,1.85425,1.85483,1.00,1.75
2016.07.26 07:06:55.818,1.85425,1.85483,1.37,1.37
2016.07.26 07:06:55.869,1.85426,1.85484,1.50,1.00
2016.07.26 07:06:55.971,1.85426,1.85484,1.75,1.00
2016.07.26 07:06:56.168,1.85425,1.85484,1.50,1.00
2016.07.26 07:06:56.471,1.85426,1.85484,1.00,1.00
2016.07.26 07:06:56.838,1.85426,1.85484,1.12,1.00
2016.07.26 07:06:57.416,1.85426,1.85484,1.37,1.00
2016.07.26 07:06:57.539,1.85425,1.85484,2.25,1.00
2016.07.26 07:06:57.640,1.85425,1.85484,1.50,1.00
2016.07.26 07:06:57.755,1.85426,1.85484,1.00,1.00
2016.07.26 07:06:57.856,1.85425,1.85484,1.50,1.00
2016.07.26 07:06:58.952,1.85426,1.85484,1.00,1.12
2016.07.26 07:06:59.221,1.85425,1.85484,1.50,1.00
2016.07.26 07:06:59.322,1.85425,1.85484,1.87,1.00
2016.07.26 07:06:59.372,1.85426,1.85484,1.50,1.00
2016.07.26 07:06:59.912,1.85426,1.85484,1.12,1.00
2016.07.26 07:06:59.963,1.85426,1.85484,1.00,1.00
2016.07.26 07:07:00.789,1.85425,1.85484,1.87,1.00
2016.07.26 07:07:00.840,1.85425,1.85482,1.00,1.00
2016.07.26 07:07:01.419,1.85425,1.85482,1.37,1.00
2016.07.26 07:07:01.470,1.85429,1.85482,1.00,1.00
2016.07.26 07:07:03.285,1.85429,1.85482,1.12,1.00
2016.07.26 07:07:03.386,1.85429,1.85482,1.00,1.00
2016.07.26 07:07:04.044,1.85428,1.85482,1.00,1.00
2016.07.26 07:07:04.358,1.85429,1.85486,1.00,1.00
2016.07.26 07:07:04.459,1.85429,1.85486,1.37,1.00
2016.07.26 07:07:04.560,1.85431,1.85486,1.12,1.00
2016.07.26 07:07:04.611,1.85436,1.85486,1.37,1.00
2016.07.26 07:07:04.662,1.85442,1.85486,1.12,1.00
2016.07.26 07:07:04.712,1.85451,1.85486,1.37,1.00
2016.07.26 07:07:04.813,1.85458,1.85497,1.00,1.37
2016.07.26 07:07:04.864,1.85458,1.85501,1.75,1.87
2016.07.26 07:07:05.045,1.85457,1.85501,1.12,1.87
2016.07.26 07:07:05.096,1.85451,1.85501,1.75,1.87
2016.07.26 07:07:05.147,1.85448,1.85501,1.75,1.87
2016.07.26 07:07:05.197,1.85448,1.85501,1.87,1.87
2016.07.26 07:07:05.299,1.85448,1.85501,1.75,1.87
2016.07.26 07:07:05.464,1.85449,1.85501,1.12,1.87
2016.07.26 07:07:06.040,1.85449,1.85501,1.37,1.87
2016.07.26 07:07:06.299,1.85448,1.85501,1.75,1.87
2016.07.26 07:07:07.296,1.85448,1.85498,1.75,1.37
2016.07.26 07:07:07.803,1.85448,1.85501,1.75,1.87
2016.07.26 07:07:08.378,1.85449,1.85501,1.50,1.50
2016.07.26 07:07:08.428,1.85449,1.85505,1.50,1.00
2016.07.26 07:07:08.865,1.85449,1.85505,1.87,1.00
2016.07.26 07:07:09.162,1.85452,1.85508,1.00,1.00
2016.07.26 07:07:09.212,1.85457,1.85509,1.00,1.00
2016.07.26 07:07:09.346,1.85457,1.85511,1.00,1.00
2016.07.26 07:07:09.649,1.85457,1.85516,1.50,1.00
2016.07.26 07:07:09.700,1.85457,1.85516,1.75,1.00
2016.07.26 07:07:09.801,1.85465,1.85516,1.00,1.00
2016.07.26 07:07:11.312,1.85466,1.85516,1.00,1.00
2016.07.26 07:07:12.178,1.85464,1.85516,1.00,1.00
2016.07.26 07:07:12.675,1.85464,1.85512,1.00,1.00
2016.07.26 07:07:12.816,1.85454,1.85509,1.50,1.00
2016.07.26 07:07:12.917,1.85455,1.85509,1.00,1.00
2016.07.26 07:07:13.019,1.85461,1.85517,1.12,1.00
2016.07.26 07:07:13.120,1.85462,1.85517,1.00,1.00
2016.07.26 07:07:13.879,1.85465,1.85518,1.00,1.00
2016.07.26 07:07:14.145,1.85465,1.85522,1.00,1.00
2016.07.26 07:07:14.686,1.85465,1.85522,1.00,1.37
2016.07.26 07:07:14.737,1.85465,1.85518,1.00,1.00
2016.07.26 07:07:15.397,1.85465,1.85519,1.00,1.00
2016.07.26 07:07:15.549,1.85478,1.85519,1.00,1.00
2016.07.26 07:07:15.672,1.85482,1.8553,1.00,1.00
2016.07.26 07:07:15.773,1.85482,1.85536,1.00,1.00
2016.07.26 07:07:15.824,1.85487,1.85536,1.00,1.00
2016.07.26 07:07:15.875,1.85487,1.85539,1.00,1.00
2016.07.26 07:07:16.444,1.85492,1.85539,1.00,1.00
2016.07.26 07:07:16.694,1.85492,1.85539,1.12,1.00
2016.07.26 07:07:16.895,1.85492,1.85539,1.00,1.00
2016.07.26 07:07:17.331,1.85491,1.85541,1.00,1.00
2016.07.26 07:07:17.828,1.85492,1.85545,1.00,1.00
2016.07.26 07:07:17.929,1.85499,1.85545,1.00,1.00
2016.07.26 07:07:17.980,1.85499,1.8555,1.00,1.00
2016.07.26 07:07:18.031,1.85499,1.85554,1.75,1.00
2016.07.26 07:07:18.132,1.85507,1.85554,1.00,1.00
2016.07.26 07:07:18.234,1.85506,1.8555,1.00,1.00
2016.07.26 07:07:18.335,1.85496,1.8555,1.75,1.00
2016.07.26 07:07:18.385,1.85496,1.8555,1.37,1.00
2016.07.26 07:07:18.436,1.85497,1.85555,1.00,1.00
2016.07.26 07:07:18.601,1.85497,1.85555,1.12,1.00
2016.07.26 07:07:19.002,1.85497,1.85555,1.37,1.00
2016.07.26 07:07:19.052,1.85502,1.8556,1.00,1.00
2016.07.26 07:07:19.103,1.85507,1.85562,1.00,1.00
2016.07.26 07:07:19.154,1.85509,1.85566,1.00,1.00
2016.07.26 07:07:19.204,1.85512,1.8557,1.00,1.87
2016.07.26 07:07:19.255,1.85514,1.8557,1.00,1.00
2016.07.26 07:07:19.356,1.85514,1.85568,1.00,1.00
2016.07.26 07:07:19.623,1.85513,1.8557,1.00,1.00
2016.07.26 07:07:19.721,1.85512,1.8557,1.00,1.00
2016.07.26 07:07:20.408,1.85512,1.8557,1.37,1.00
2016.07.26 07:07:20.459,1.85512,1.8557,1.50,1.00
2016.07.26 07:07:21.210,1.85512,1.8557,1.12,1.00
2016.07.26 07:07:21.260,1.85512,1.85564,1.00,1.00
2016.07.26 07:07:21.362,1.85507,1.85564,1.50,1.00
2016.07.26 07:07:21.513,1.85507,1.85564,1.50,1.37
2016.07.26 07:07:21.563,1.85507,1.85563,1.50,1.12
2016.07.26 07:07:21.614,1.85505,1.85558,1.75,1.00
2016.07.26 07:07:21.665,1.85499,1.85552,1.12,1.00
2016.07.26 07:07:21.774,1.85497,1.85552,1.00,1.00
2016.07.26 07:07:21.825,1.85497,1.85552,1.50,1.00
2016.07.26 07:07:21.876,1.85497,1.85552,1.00,1.00
2016.07.26 07:07:22.422,1.85496,1.85552,1.00,1.00
2016.07.26 07:07:22.823,1.85497,1.85552,1.37,1.00
2016.07.26 07:07:22.924,1.85497,1.85552,1.00,1.00
2016.07.26 07:07:22.976,1.85496,1.85552,1.50,1.00
2016.07.26 07:07:23.027,1.85497,1.85544,1.00,1.00
2016.07.26 07:07:23.128,1.85487,1.85544,1.75,1.12
2016.07.26 07:07:23.179,1.85487,1.85544,1.37,1.87
2016.07.26 07:07:23.229,1.85487,1.85544,1.00,1.87
2016.07.26 07:07:23.430,1.85487,1.8554,1.00,1.00
2016.07.26 07:07:24.048,1.85487,1.85542,1.00,1.00
2016.07.26 07:07:24.481,1.85487,1.85544,1.00,1.50
2016.07.26 07:07:24.582,1.85487,1.85543,1.00,1.00
2016.07.26 07:07:24.849,1.85487,1.85544,1.75,1.00
2016.07.26 07:07:24.900,1.85492,1.85549,1.00,1.00
2016.07.26 07:07:24.951,1.85497,1.85553,1.00,1.50
2016.07.26 07:07:25.052,1.85497,1.85553,1.00,1.00
2016.07.26 07:07:25.411,1.85497,1.85553,1.00,1.12
2016.07.26 07:07:25.529,1.85497,1.85553,1.00,1.37
2016.07.26 07:07:25.579,1.85497,1.85551,1.00,1.00
2016.07.26 07:07:25.731,1.85494,1.85545,1.00,1.00
2016.07.26 07:07:25.882,1.85489,1.85545,1.50,1.00
2016.07.26 07:07:27.734,1.85489,1.85545,1.87,1.00
2016.07.26 07:07:28.058,1.8549,1.85545,1.37,1.00
2016.07.26 07:07:28.364,1.85489,1.85545,1.50,1.00
2016.07.26 07:07:29.662,1.85486,1.8554,1.75,1.00
2016.07.26 07:07:29.814,1.85487,1.85535,1.37,1.00
2016.07.26 07:07:29.865,1.85486,1.85535,1.00,1.00
2016.07.26 07:07:30.149,1.85489,1.8554,1.00,1.00
2016.07.26 07:07:30.250,1.85492,1.8554,1.00,1.00
2016.07.26 07:07:30.402,1.85492,1.85545,1.00,1.00
2016.07.26 07:07:30.895,1.85493,1.85551,1.00,1.00
2016.07.26 07:07:30.946,1.85497,1.85551,1.75,1.00
2016.07.26 07:07:31.048,1.85498,1.85552,1.37,1.00
2016.07.26 07:07:31.098,1.85499,1.85553,1.12,1.00
2016.07.26 07:07:31.149,1.85499,1.85556,1.50,1.00
2016.07.26 07:07:31.351,1.85503,1.85556,1.00,1.00
2016.07.26 07:07:31.647,1.85499,1.85556,1.75,1.00
2016.07.26 07:07:31.750,1.85499,1.85556,1.50,1.00
2016.07.26 07:07:31.965,1.85505,1.85556,1.00,1.00
2016.07.26 07:07:33.452,1.85501,1.85556,1.37,1.00
2016.07.26 07:07:33.503,1.85501,1.85556,1.00,1.00
2016.07.26 07:07:33.658,1.85502,1.85556,1.00,1.50
2016.07.26 07:07:33.860,1.85499,1.85556,1.00,1.12
2016.07.26 07:07:33.961,1.85499,1.85556,1.50,1.50
2016.07.26 07:07:35.199,1.85499,1.85556,1.00,1.12
2016.07.26 07:07:35.383,1.85499,1.85556,1.00,1.50
2016.07.26 07:07:35.768,1.85504,1.85557,1.00,1.37
2016.07.26 07:07:35.869,1.85507,1.85556,1.00,1.00
2016.07.26 07:07:35.920,1.85507,1.85561,1.00,1.00
2016.07.26 07:07:36.071,1.85507,1.85561,1.00,1.50
2016.07.26 07:07:36.122,1.85507,1.8556,1.00,1.12
2016.07.26 07:07:36.183,1.85507,1.85557,1.00,1.00
2016.07.26 07:07:36.233,1.855,1.85557,1.75,1.00
2016.07.26 07:07:36.553,1.85501,1.85552,1.75,1.00
2016.07.26 07:07:36.655,1.85501,1.85546,1.00,1.00
2016.07.26 07:07:36.806,1.85489,1.85546,1.87,1.00
2016.07.26 07:07:37.109,1.8549,1.85546,1.12,1.00
2016.07.26 07:07:37.160,1.85493,1.85552,1.00,1.12
2016.07.26 07:07:37.210,1.85493,1.85552,1.00,1.00
2016.07.26 07:07:37.462,1.85493,1.85552,1.00,1.37
2016.07.26 07:07:37.513,1.85493,1.85551,1.00,1.00
2016.07.26 07:07:37.862,1.85493,1.85552,1.00,1.37
2016.07.26 07:07:37.913,1.85493,1.85552,1.00,1.00
2016.07.26 07:07:37.964,1.85493,1.85552,1.37,1.00
2016.07.26 07:07:38.015,1.85493,1.85552,1.75,1.00
2016.07.26 07:07:38.121,1.85498,1.85556,2.25,1.00
2016.07.26 07:07:38.173,1.85498,1.85556,1.87,1.00
2016.07.26 07:07:38.224,1.85498,1.85556,1.50,1.00
2016.07.26 07:07:38.326,1.85498,1.85549,1.00,1.00
2016.07.26 07:07:38.478,1.85494,1.85549,1.00,1.00
2016.07.26 07:07:39.170,1.85496,1.85549,1.00,1.00
2016.07.26 07:07:39.271,1.85492,1.85549,1.00,1.00
2016.07.26 07:07:40.678,1.85488,1.85546,1.12,1.00
2016.07.26 07:07:40.729,1.85486,1.85546,2.25,1.00
2016.07.26 07:07:40.779,1.85486,1.85546,1.87,1.00
2016.07.26 07:07:40.830,1.85486,1.85546,1.50,1.50
2016.07.26 07:07:40.881,1.85487,1.85546,1.00,1.50
2016.07.26 07:07:40.942,1.85487,1.85546,1.00,1.87
2016.07.26 07:07:41.069,1.85487,1.85546,1.00,2.25
2016.07.26 07:07:42.127,1.85487,1.85546,1.00,1.50
2016.07.26 07:07:42.178,1.85487,1.85546,1.00,1.37
2016.07.26 07:07:42.280,1.85487,1.85546,1.00,1.00
2016.07.26 07:07:44.180,1.85486,1.85546,1.50,1.00
2016.07.26 07:07:44.231,1.85486,1.85546,1.87,1.00
2016.07.26 07:07:45.284,1.85486,1.8554,1.12,1.00
2016.07.26 07:07:45.334,1.85486,1.8554,1.00,1.00
2016.07.26 07:07:45.436,1.85487,1.8554,1.00,1.37
2016.07.26 07:07:45.486,1.85487,1.85535,1.00,1.00
2016.07.26 07:07:45.587,1.85479,1.85535,1.75,1.00
2016.07.26 07:07:45.638,1.85479,1.85535,1.37,1.00
2016.07.26 07:07:45.689,1.85479,1.85535,1.00,1.00
2016.07.26 07:07:46.204,1.85479,1.85535,1.37,1.00
2016.07.26 07:07:46.407,1.85479,1.85535,1.00,1.00
2016.07.26 07:07:47.291,1.8548,1.85535,1.00,1.00
2016.07.26 07:07:47.599,1.85479,1.85535,1.50,1.00
2016.07.26 07:07:47.650,1.85479,1.85535,1.12,1.00
2016.07.26 07:07:48.012,1.8548,1.8554,1.00,1.00
2016.07.26 07:07:48.131,1.85479,1.85534,1.12,1.00
2016.07.26 07:07:48.182,1.85479,1.85526,1.12,1.00
2016.07.26 07:07:48.233,1.8548,1.85526,1.00,1.00
2016.07.26 07:07:48.334,1.85467,1.85522,1.75,1.00
2016.07.26 07:07:48.385,1.85463,1.85522,3.00,1.00
2016.07.26 07:07:48.436,1.85463,1.85522,2.25,1.00
2016.07.26 07:07:48.839,1.85463,1.85522,1.75,1.00
2016.07.26 07:07:48.890,1.85467,1.85522,1.00,1.00
2016.07.26 07:07:49.139,1.85463,1.85522,1.75,1.00
2016.07.26 07:07:50.492,1.85463,1.85522,2.25,1.00
2016.07.26 07:07:50.543,1.85467,1.85522,1.37,1.00
2016.07.26 07:07:50.594,1.85467,1.85522,1.50,1.00
2016.07.26 07:07:50.695,1.85467,1.85522,1.75,1.00
2016.07.26 07:07:50.746,1.8547,1.85529,1.50,1.00
2016.07.26 07:07:50.796,1.85475,1.85532,1.00,1.00
2016.07.26 07:07:50.899,1.85475,1.85532,1.37,1.00
2016.07.26 07:07:50.950,1.85475,1.85532,1.75,1.00
2016.07.26 07:07:51.001,1.85479,1.85532,1.00,1.00
2016.07.26 07:07:51.051,1.85478,1.85532,1.37,1.00
2016.07.26 07:07:51.102,1.85478,1.85532,1.00,1.00
2016.07.26 07:07:51.565,1.85479,1.85537,1.00,1.00
2016.07.26 07:07:51.795,1.85479,1.85537,1.12,1.00
2016.07.26 07:07:51.846,1.85479,1.85537,1.50,1.00
2016.07.26 07:07:52.139,1.85481,1.85537,1.12,1.00
2016.07.26 07:07:52.462,1.85479,1.85537,2.25,1.00
2016.07.26 07:07:52.668,1.85479,1.85537,1.50,1.00
2016.07.26 07:07:52.719,1.85479,1.85537,1.12,1.00
2016.07.26 07:07:53.374,1.85479,1.85537,1.37,1.00
2016.07.26 07:07:53.427,1.85479,1.85537,2.25,1.00
2016.07.26 07:07:54.601,1.85479,1.85537,1.87,1.00
2016.07.26 07:07:54.652,1.85479,1.85537,1.50,1.00
2016.07.26 07:07:57.037,1.85479,1.85537,1.87,1.00
2016.07.26 07:07:57.088,1.8548,1.85538,1.12,1.00
2016.07.26 07:07:57.485,1.8548,1.85538,1.37,1.00
2016.07.26 07:07:57.535,1.85482,1.85538,1.00,1.00
2016.07.26 07:07:58.765,1.8548,1.85538,1.75,1.00
2016.07.26 07:07:58.816,1.8548,1.85538,1.37,1.00
2016.07.26 07:07:59.416,1.85481,1.85538,1.00,1.00
2016.07.26 07:08:00.143,1.8548,1.85538,1.50,1.00
2016.07.26 07:08:00.383,1.8548,1.85538,1.37,1.00
2016.07.26 07:08:00.433,1.85479,1.85533,1.50,1.00
2016.07.26 07:08:00.534,1.85478,1.85533,1.75,1.00
2016.07.26 07:08:00.585,1.85478,1.85533,1.37,1.00
2016.07.26 07:08:00.636,1.85478,1.85533,1.00,1.00
2016.07.26 07:08:01.216,1.85479,1.85533,1.00,1.00
2016.07.26 07:08:02.010,1.85478,1.85533,1.00,1.00
2016.07.26 07:08:02.937,1.85478,1.85533,1.00,1.12
2016.07.26 07:08:02.988,1.85478,1.85533,1.00,1.00
2016.07.26 07:08:03.803,1.85479,1.85533,1.00,1.00
2016.07.26 07:08:03.854,1.85479,1.85539,1.50,1.50
2016.07.26 07:08:03.960,1.85479,1.85539,1.37,1.00
2016.07.26 07:08:04.062,1.85479,1.85539,1.50,1.00
2016.07.26 07:08:04.264,1.85479,1.85539,1.75,1.00
2016.07.26 07:08:04.620,1.85479,1.85539,2.25,1.00
2016.07.26 07:08:04.671,1.85484,1.85539,1.00,1.00
2016.07.26 07:08:04.968,1.85479,1.85539,2.25,1.00
2016.07.26 07:08:05.020,1.85479,1.85539,1.75,1.00
2016.07.26 07:08:05.963,1.85479,1.85539,1.00,1.00
2016.07.26 07:08:06.322,1.85486,1.85544,1.00,2.25
2016.07.26 07:08:06.373,1.8549,1.85547,1.00,1.37
2016.07.26 07:08:06.424,1.8549,1.8555,1.00,1.87
2016.07.26 07:08:06.474,1.85491,1.8555,1.12,1.50
2016.07.26 07:08:06.526,1.85495,1.8555,1.00,1.37
2016.07.26 07:08:06.576,1.85495,1.8555,1.00,1.00
2016.07.26 07:08:06.837,1.85482,1.8554,1.37,1.00
2016.07.26 07:08:06.888,1.8548,1.8554,1.00,1.37
2016.07.26 07:08:07.192,1.8548,1.8554,1.00,1.12
2016.07.26 07:08:09.562,1.8548,1.8554,1.50,1.50
2016.07.26 07:08:12.214,1.8548,1.85538,1.87,1.00
2016.07.26 07:08:12.532,1.8548,1.85538,1.75,1.00
2016.07.26 07:08:12.687,1.8548,1.85538,1.37,1.00
2016.07.26 07:08:12.868,1.8548,1.85538,1.00,1.00
2016.07.26 07:08:12.974,1.8548,1.85538,1.12,1.00
2016.07.26 07:08:13.219,1.8549,1.85548,1.00,1.87
2016.07.26 07:08:13.270,1.85495,1.85548,1.00,1.00
2016.07.26 07:08:13.371,1.85495,1.85551,1.00,1.00
2016.07.26 07:08:13.422,1.85495,1.85551,1.12,1.00
2016.07.26 07:08:13.523,1.855,1.85551,1.00,1.00
2016.07.26 07:08:13.625,1.855,1.85551,1.12,1.00
2016.07.26 07:08:13.726,1.855,1.85551,1.37,1.00
2016.07.26 07:08:13.850,1.855,1.85551,1.87,1.00
2016.07.26 07:08:13.901,1.855,1.85551,1.12,1.00
2016.07.26 07:08:14.103,1.855,1.85551,1.00,1.00
2016.07.26 07:08:14.685,1.855,1.85552,1.00,1.00
2016.07.26 07:08:14.786,1.855,1.85558,1.00,2.25
2016.07.26 07:08:14.937,1.85496,1.85553,1.00,1.37
2016.07.26 07:08:15.039,1.85496,1.85553,1.00,1.00
2016.07.26 07:08:15.241,1.85496,1.8555,1.00,1.00
2016.07.26 07:08:15.443,1.85496,1.8555,1.37,1.00
2016.07.26 07:08:15.545,1.85502,1.8555,1.00,1.00
2016.07.26 07:08:15.596,1.85502,1.8555,1.50,1.00
2016.07.26 07:08:15.698,1.85502,1.8555,1.00,1.00
2016.07.26 07:08:15.960,1.85498,1.85556,1.37,1.37
2016.07.26 07:08:16.661,1.85498,1.85556,1.37,1.50
2016.07.26 07:08:16.711,1.85498,1.85556,1.37,1.12
2016.07.26 07:08:16.762,1.85498,1.85556,1.37,1.00
2016.07.26 07:08:16.813,1.85498,1.85556,1.00,1.00
2016.07.26 07:08:16.863,1.85504,1.85561,1.00,1.75
2016.07.26 07:08:16.914,1.85504,1.85562,1.37,1.37
2016.07.26 07:08:16.965,1.85504,1.85562,1.37,1.12
2016.07.26 07:08:17.066,1.85509,1.85562,1.00,1.00
2016.07.26 07:08:19.744,1.8551,1.85568,1.00,1.00
2016.07.26 07:08:19.846,1.85517,1.85574,1.37,1.00
2016.07.26 07:08:19.949,1.85516,1.85574,1.00,1.12
2016.07.26 07:08:19.999,1.85516,1.85567,1.12,1.00
2016.07.26 07:08:20.319,1.85525,1.85569,1.00,1.00
2016.07.26 07:08:20.370,1.85525,1.85579,1.00,1.00
2016.07.26 07:08:20.420,1.8553,1.85589,1.00,2.25
2016.07.26 07:08:20.471,1.8553,1.85588,1.00,1.12
2016.07.26 07:08:20.573,1.8553,1.85588,1.00,1.00
2016.07.26 07:08:20.724,1.8553,1.85588,1.00,1.12
2016.07.26 07:08:20.775,1.8553,1.85588,1.00,1.50
2016.07.26 07:08:20.876,1.8553,1.85588,1.00,1.75
2016.07.26 07:08:21.085,1.8553,1.85588,1.00,1.37
2016.07.26 07:08:21.136,1.8553,1.85585,1.00,1.00
2016.07.26 07:08:21.405,1.85528,1.85583,1.00,1.00
2016.07.26 07:08:21.711,1.85527,1.85579,1.00,1.00
2016.07.26 07:08:21.762,1.8552,1.85579,2.25,1.00
2016.07.26 07:08:22.032,1.8552,1.85579,2.25,1.50
2016.07.26 07:08:22.083,1.8552,1.85579,1.50,1.50
2016.07.26 07:08:22.134,1.8552,1.85578,1.37,1.00
2016.07.26 07:08:22.185,1.8552,1.85578,1.50,1.00
2016.07.26 07:08:22.336,1.8552,1.85579,1.87,1.00
2016.07.26 07:08:22.387,1.8552,1.85579,2.25,1.00
2016.07.26 07:08:22.438,1.8552,1.85579,1.87,1.00
2016.07.26 07:08:22.634,1.8552,1.85579,1.50,1.00
2016.07.26 07:08:22.685,1.8552,1.85579,1.00,1.00
2016.07.26 07:08:22.735,1.8552,1.85579,1.00,1.50
2016.07.26 07:08:23.480,1.8552,1.85579,1.00,1.87
2016.07.26 07:08:23.531,1.8552,1.85577,1.00,1.00
2016.07.26 07:08:23.744,1.8552,1.85578,1.00,1.50
2016.07.26 07:08:24.045,1.8552,1.85577,1.00,1.12
2016.07.26 07:08:24.467,1.8552,1.85577,1.00,1.50
2016.07.26 07:08:25.735,1.8552,1.85577,1.00,1.12
2016.07.26 07:08:25.785,1.8552,1.85577,1.00,1.00
2016.07.26 07:08:25.988,1.85515,1.85569,1.00,1.00
2016.07.26 07:08:26.039,1.85517,1.85574,1.00,1.37
2016.07.26 07:08:26.090,1.85517,1.85574,1.00,1.75
2016.07.26 07:08:26.141,1.85517,1.85575,1.00,1.87
2016.07.26 07:08:26.192,1.85517,1.85575,1.00,1.50
2016.07.26 07:08:26.243,1.85517,1.85575,1.00,1.87
2016.07.26 07:08:26.293,1.85517,1.85575,1.00,2.25
2016.07.26 07:08:26.344,1.85517,1.85573,1.00,1.37
2016.07.26 07:08:26.395,1.85517,1.85572,1.00,1.00
2016.07.26 07:08:26.446,1.85517,1.85575,1.00,1.87
2016.07.26 07:08:26.589,1.85517,1.85575,1.00,1.50
2016.07.26 07:08:27.412,1.85516,1.85567,1.00,1.00
2016.07.26 07:08:27.463,1.85516,1.85567,1.00,1.37
2016.07.26 07:08:27.528,1.85516,1.85559,1.00,1.00
2016.07.26 07:08:27.579,1.85503,1.85558,1.37,1.00
2016.07.26 07:08:27.630,1.85503,1.85558,1.00,1.00
2016.07.26 07:08:27.782,1.855,1.85557,1.00,1.00
2016.07.26 07:08:27.883,1.855,1.85557,1.50,1.00
2016.07.26 07:08:28.546,1.855,1.85557,1.87,1.00
2016.07.26 07:08:28.597,1.855,1.85557,1.12,1.00
2016.07.26 07:08:28.648,1.855,1.85557,1.37,1.00
2016.07.26 07:08:28.698,1.85501,1.85557,1.00,1.00
2016.07.26 07:08:28.749,1.855,1.85557,2.25,1.00
2016.07.26 07:08:28.800,1.855,1.85557,1.87,1.00
2016.07.26 07:08:28.905,1.855,1.85557,1.50,1.00
2016.07.26 07:08:29.148,1.855,1.85557,1.12,1.00
2016.07.26 07:08:29.256,1.855,1.85557,1.00,1.00
2016.07.26 07:08:29.307,1.855,1.85557,1.50,1.00
