2011.08.24 15:00:00.022,1.97403,1.97439,1.50,1.13
2011.08.24 15:00:00.152,1.9739,1.97452,1.13,1.88
2011.08.24 15:00:00.268,1.97384,1.97454,1.13,1.09
2011.08.24 15:00:00.386,1.9738,1.97434,1.13,1.13
2011.08.24 15:00:00.608,1.97383,1.97447,1.13,1.13
2011.08.24 15:00:00.727,1.97374,1.97426,1.88,1.13
2011.08.24 15:00:01.276,1.97374,1.97426,1.13,1.13
2011.08.24 15:00:01.634,1.97374,1.9741,1.13,1.50
2011.08.24 15:00:02.251,1.97386,1.97419,1.13,1.88
2011.08.24 15:00:02.383,1.9735,1.97391,1.47,1.50
2011.08.24 15:00:02.496,1.97362,1.97391,1.13,1.50
2011.08.24 15:00:02.607,1.97362,1.97397,1.13,1.50
2011.08.24 15:00:02.720,1.97362,1.97404,1.50,1.50
2011.08.24 15:00:02.839,1.97362,1.97414,1.50,1.88
2011.08.24 15:00:02.957,1.97385,1.97416,1.13,1.50
2011.08.24 15:00:03.278,1.97373,1.97416,1.13,1.50
2011.08.24 15:00:03.387,1.97381,1.97409,1.13,1.50
2011.08.24 15:00:03.718,1.97379,1.97408,1.88,1.50
2011.08.24 15:00:03.837,1.97431,1.9745,1.13,1.50
2011.08.24 15:00:03.948,1.97431,1.9745,1.13,1.50
2011.08.24 15:00:04.066,1.97434,1.97451,1.13,1.50
2011.08.24 15:00:04.178,1.97418,1.97451,1.13,1.50
2011.08.24 15:00:04.296,1.97427,1.97454,1.13,1.50
2011.08.24 15:00:04.841,1.97423,1.97457,1.13,1.50
2011.08.24 15:00:04.958,1.97422,1.97459,1.13,1.50
2011.08.24 15:00:05.076,1.97422,1.97453,1.13,1.50
2011.08.24 15:00:05.406,1.97428,1.97456,1.13,1.50
2011.08.24 15:00:06.405,1.97421,1.97456,1.13,1.50
2011.08.24 15:00:06.627,1.97422,1.97453,1.84,1.50
2011.08.24 15:00:07.179,1.97444,1.97463,1.13,1.13
2011.08.24 15:00:07.301,1.97434,1.9746,1.13,1.50
2011.08.24 15:00:07.418,1.97434,1.97457,1.13,1.50
2011.08.24 15:00:07.856,1.97433,1.97457,1.13,1.50
2011.08.24 15:00:08.186,1.97433,1.9745,1.13,1.50
2011.08.24 15:00:08.295,1.97427,1.9745,1.13,1.50
2011.08.24 15:00:08.407,1.97429,1.97454,1.13,1.50
2011.08.24 15:00:08.518,1.97429,1.97454,1.13,1.50
2011.08.24 15:00:08.638,1.97428,1.9745,1.13,1.50
2011.08.24 15:00:08.758,1.97428,1.97453,1.13,1.50
2011.08.24 15:00:09.189,1.97428,1.97446,1.13,1.50
2011.08.24 15:00:09.310,1.97421,1.97451,1.13,1.50
2011.08.24 15:00:09.540,1.97421,1.97451,1.13,1.50
2011.08.24 15:00:09.660,1.97416,1.97449,1.13,1.50
2011.08.24 15:00:09.780,1.97416,1.97449,1.13,1.50
2011.08.24 15:00:09.900,1.9741,1.97446,1.13,1.50
2011.08.24 15:00:10.021,1.97414,1.97452,1.13,1.13
2011.08.24 15:00:10.138,1.97414,1.97468,1.13,1.13
2011.08.24 15:00:10.248,1.97403,1.97455,1.13,1.13
2011.08.24 15:00:10.588,1.974,1.97451,1.13,1.13
2011.08.24 15:00:10.938,1.97399,1.9745,1.47,1.13
2011.08.24 15:00:11.475,1.97414,1.97466,1.13,1.13
2011.08.24 15:00:11.600,1.97409,1.97461,1.13,1.13
2011.08.24 15:00:11.716,1.97401,1.9746,1.88,1.13
2011.08.24 15:00:12.159,1.97401,1.97455,1.13,1.13
2011.08.24 15:00:12.511,1.97407,1.97461,1.13,1.13
2011.08.24 15:00:13.037,1.97414,1.97468,1.13,1.13
2011.08.24 15:00:13.366,1.97416,1.97469,1.13,1.13
2011.08.24 15:00:14.907,1.97413,1.97467,1.13,1.13
2011.08.24 15:00:15.399,1.97413,1.97467,1.13,1.47
2011.08.24 15:00:15.518,1.9741,1.97463,1.13,1.88
2011.08.24 15:00:15.637,1.97398,1.97451,1.13,1.13
2011.08.24 15:00:15.977,1.97411,1.97462,1.13,1.13
2011.08.24 15:00:16.306,1.97434,1.9748,1.13,1.09
2011.08.24 15:00:16.898,1.97399,1.9745,1.88,1.13
2011.08.24 15:00:17.011,1.9741,1.97463,1.13,1.13
2011.08.24 15:00:17.127,1.97412,1.97463,1.50,1.13
2011.08.24 15:00:17.457,1.9741,1.97463,1.88,1.13
2011.08.24 15:00:17.766,1.9741,1.97461,1.09,1.13
2011.08.24 15:00:17.878,1.97429,1.9748,1.13,1.13
2011.08.24 15:00:17.995,1.97426,1.9748,1.13,1.13
2011.08.24 15:00:18.106,1.97417,1.97467,1.50,1.13
2011.08.24 15:00:18.436,1.97417,1.97468,1.13,1.13
2011.08.24 15:00:18.876,1.97414,1.97468,1.13,1.13
2011.08.24 15:00:19.186,1.97417,1.97468,1.13,1.13
2011.08.24 15:00:19.632,1.97413,1.97465,1.50,1.13
2011.08.24 15:00:19.752,1.97404,1.97457,1.13,1.13
2011.08.24 15:00:20.198,1.97405,1.97458,1.88,1.13
2011.08.24 15:00:20.536,1.97407,1.97455,1.50,1.13
2011.08.24 15:00:20.757,1.9741,1.97463,1.88,1.13
2011.08.24 15:00:20.867,1.97423,1.97474,1.13,1.13
2011.08.24 15:00:20.977,1.97419,1.97471,1.13,1.13
2011.08.24 15:00:21.196,1.97423,1.97474,1.13,1.13
2011.08.24 15:00:21.857,1.97412,1.97466,1.88,1.13
2011.08.24 15:00:21.966,1.97412,1.97466,2.63,1.13
2011.08.24 15:00:22.380,1.97423,1.97468,1.50,1.13
2011.08.24 15:00:22.607,1.97425,1.97476,1.13,1.13
2011.08.24 15:00:22.718,1.97426,1.9748,1.13,1.13
2011.08.24 15:00:22.839,1.97426,1.9748,1.13,1.47
2011.08.24 15:00:22.958,1.97421,1.97475,1.88,1.13
2011.08.24 15:00:23.079,1.97431,1.97485,1.13,1.47
2011.08.24 15:00:23.200,1.97431,1.97485,1.13,1.13
2011.08.24 15:00:23.867,1.97418,1.97483,1.50,1.13
2011.08.24 15:00:24.511,1.97418,1.97483,1.50,1.47
2011.08.24 15:00:24.848,1.97403,1.97449,1.50,1.13
2011.08.24 15:00:25.187,1.97403,1.97453,1.50,1.13
2011.08.24 15:00:25.405,1.97401,1.97453,1.88,1.13
2011.08.24 15:00:25.628,1.974,1.97448,1.50,1.13
2011.08.24 15:00:25.860,1.97392,1.97445,1.88,1.13
2011.08.24 15:00:26.088,1.97395,1.97449,1.13,1.13
2011.08.24 15:00:26.637,1.97399,1.9745,1.13,1.13
2011.08.24 15:00:27.282,1.97408,1.97462,1.13,1.13
2011.08.24 15:00:27.848,1.97404,1.97457,1.13,1.13
2011.08.24 15:00:28.769,1.97414,1.97466,1.13,1.13
2011.08.24 15:00:29.111,1.97408,1.9746,1.13,1.13
2011.08.24 15:00:29.338,1.97402,1.97456,1.88,1.13
2011.08.24 15:00:29.566,1.97407,1.97461,1.13,1.13
2011.08.24 15:00:30.155,1.97445,1.97499,1.13,1.13
2011.08.24 15:00:30.486,1.97459,1.97511,1.13,1.13
2011.08.24 15:00:31.036,1.97458,1.9751,1.13,1.13
2011.08.24 15:00:31.146,1.97463,1.97517,1.13,1.13
2011.08.24 15:00:31.257,1.97463,1.97514,1.13,1.13
2011.08.24 15:00:31.697,1.97464,1.97516,1.13,1.13
2011.08.24 15:00:32.027,1.97462,1.97515,1.13,1.13
2011.08.24 15:00:32.245,1.97462,1.97515,1.13,1.88
2011.08.24 15:00:32.756,1.97462,1.97515,1.13,1.88
2011.08.24 15:00:32.874,1.97462,1.97513,1.13,1.13
2011.08.24 15:00:33.262,1.97462,1.97515,1.13,1.88
2011.08.24 15:00:34.062,1.97462,1.97515,1.13,1.88
2011.08.24 15:00:34.726,1.9746,1.97512,1.13,1.13
2011.08.24 15:00:35.058,1.97461,1.97511,1.13,1.50
2011.08.24 15:00:36.025,1.97462,1.97511,1.13,1.50
2011.08.24 15:00:36.359,1.97414,1.97468,1.13,1.13
2011.08.24 15:00:36.917,1.97404,1.97455,1.09,1.13
2011.08.24 15:00:37.138,1.97403,1.97453,1.09,1.13
2011.08.24 15:00:37.245,1.97403,1.97456,1.09,1.13
2011.08.24 15:00:37.467,1.97404,1.97453,1.09,1.13
2011.08.24 15:00:37.575,1.97403,1.97453,1.09,1.13
2011.08.24 15:00:38.185,1.97399,1.97447,1.09,1.13
2011.08.24 15:00:38.517,1.97397,1.97447,1.50,1.13
2011.08.24 15:00:39.150,1.97402,1.97454,1.13,1.13
2011.08.24 15:00:39.380,1.974,1.97454,1.13,1.13
2011.08.24 15:00:39.499,1.97397,1.9745,1.50,1.13
2011.08.24 15:00:39.839,1.97389,1.97441,1.88,1.13
2011.08.24 15:00:40.093,1.97389,1.97441,1.13,1.13
2011.08.24 15:00:40.427,1.97401,1.97453,1.13,1.13
2011.08.24 15:00:40.755,1.97395,1.97449,1.88,1.13
2011.08.24 15:00:40.865,1.974,1.97454,1.13,1.13
2011.08.24 15:00:41.558,1.97402,1.97454,1.13,1.13
2011.08.24 15:00:42.116,1.97401,1.97453,1.13,1.13
2011.08.24 15:00:42.232,1.97391,1.97449,1.50,1.13
2011.08.24 15:00:42.348,1.97391,1.97449,1.88,1.13
2011.08.24 15:00:42.687,1.9739,1.97444,1.88,1.13
2011.08.24 15:00:42.797,1.9739,1.97444,1.13,1.13
2011.08.24 15:00:42.906,1.9739,1.97442,1.13,1.13
2011.08.24 15:00:43.646,1.97389,1.97441,2.97,1.13
2011.08.24 15:00:43.869,1.97424,1.97477,1.13,1.13
2011.08.24 15:00:44.946,1.97448,1.97487,1.13,1.50
2011.08.24 15:00:45.372,1.9746,1.97506,1.13,2.25
2011.08.24 15:00:45.597,1.97449,1.97506,1.13,1.88
2011.08.24 15:00:45.710,1.97449,1.97506,1.13,1.13
2011.08.24 15:00:45.828,1.9746,1.97512,1.13,1.88
2011.08.24 15:00:46.166,1.97461,1.97511,1.13,1.50
2011.08.24 15:00:46.386,1.97455,1.97508,1.13,2.63
2011.08.24 15:00:46.610,1.97451,1.97502,1.13,1.13
2011.08.24 15:00:46.842,1.97453,1.97505,1.13,1.50
2011.08.24 15:00:46.959,1.97453,1.97506,1.13,1.50
2011.08.24 15:00:47.077,1.97453,1.97507,1.13,1.13
2011.08.24 15:00:47.296,1.97435,1.9749,1.50,1.13
2011.08.24 15:00:47.517,1.97441,1.97495,1.13,1.13
2011.08.24 15:00:48.573,1.97431,1.97484,1.13,1.13
2011.08.24 15:00:48.906,1.97422,1.97472,1.50,1.13
2011.08.24 15:00:49.017,1.97432,1.97483,1.13,1.13
2011.08.24 15:00:49.457,1.9743,1.97483,1.88,1.13
2011.08.24 15:00:50.478,1.97432,1.97483,1.13,1.13
2011.08.24 15:00:51.448,1.97433,1.97485,1.13,1.13
2011.08.24 15:00:54.048,1.97442,1.97494,1.13,1.13
2011.08.24 15:00:54.169,1.97443,1.97496,1.13,1.13
2011.08.24 15:00:54.287,1.97445,1.97496,1.13,1.13
2011.08.24 15:00:54.396,1.9745,1.97503,1.13,1.13
2011.08.24 15:00:55.567,1.97474,1.97527,1.13,1.88
2011.08.24 15:00:55.786,1.97474,1.97527,1.13,1.13
2011.08.24 15:00:56.958,1.97469,1.9752,1.13,1.13
2011.08.24 15:01:00.796,1.97467,1.97519,1.13,1.13
2011.08.24 15:01:01.078,1.97469,1.9752,1.13,1.13
2011.08.24 15:01:01.617,1.97466,1.9752,1.13,1.13
2011.08.24 15:01:02.130,1.97467,1.97519,1.13,1.13
2011.08.24 15:01:02.327,1.97469,1.9752,1.13,1.13
2011.08.24 15:01:02.545,1.97467,1.97519,1.13,1.13
2011.08.24 15:01:05.535,1.97467,1.97519,1.13,1.13
2011.08.24 15:01:05.651,1.97475,1.97528,1.13,1.13
2011.08.24 15:01:05.878,1.9748,1.97533,1.13,1.13
2011.08.24 15:01:06.258,1.97528,1.97548,1.13,1.50
2011.08.24 15:01:06.377,1.97528,1.97556,1.13,1.13
2011.08.24 15:01:06.487,1.97515,1.97567,1.13,1.13
2011.08.24 15:01:06.596,1.97519,1.97567,1.84,1.13
2011.08.24 15:01:06.708,1.97539,1.97584,1.13,1.50
2011.08.24 15:01:06.937,1.97539,1.9759,1.13,1.13
2011.08.24 15:01:07.046,1.97528,1.9758,1.13,1.13
2011.08.24 15:01:08.591,1.97528,1.97579,1.13,1.50
2011.08.24 15:01:08.708,1.97515,1.97569,1.13,1.13
2011.08.24 15:01:08.938,1.97503,1.97564,1.50,1.13
2011.08.24 15:01:09.166,1.97515,1.97569,1.13,1.13
2011.08.24 15:01:09.387,1.97498,1.97564,1.50,1.13
2011.08.24 15:01:09.496,1.97515,1.97569,1.13,1.13
2011.08.24 15:01:10.757,1.97521,1.97575,1.13,1.13
2011.08.24 15:01:13.168,1.97533,1.97585,1.13,1.13
2011.08.24 15:01:13.286,1.97526,1.9758,1.13,1.13
2011.08.24 15:01:13.728,1.97526,1.97577,1.13,1.13
2011.08.24 15:01:14.168,1.97533,1.97596,1.13,1.50
2011.08.24 15:01:14.510,1.97536,1.97599,1.50,1.13
2011.08.24 15:01:14.991,1.97528,1.97599,1.88,1.13
2011.08.24 15:01:15.110,1.97533,1.97601,1.88,1.13
2011.08.24 15:01:15.447,1.97537,1.97603,1.50,1.13
2011.08.24 15:01:15.557,1.97537,1.97608,1.50,1.13
2011.08.24 15:01:16.747,1.97547,1.97616,1.88,1.88
2011.08.24 15:01:16.857,1.97547,1.97616,2.63,1.13
2011.08.24 15:01:16.966,1.97547,1.97606,1.50,1.13
2011.08.24 15:01:17.186,1.97544,1.97604,1.50,1.13
2011.08.24 15:01:17.296,1.97544,1.97606,1.50,1.13
2011.08.24 15:01:17.517,1.97544,1.97609,1.50,1.13
2011.08.24 15:01:17.987,1.97547,1.97609,1.50,1.13
2011.08.24 15:01:18.100,1.97545,1.97609,1.50,1.13
2011.08.24 15:01:18.217,1.9754,1.97609,1.13,1.88
2011.08.24 15:01:18.327,1.97536,1.97589,1.13,1.13
2011.08.24 15:01:19.460,1.9754,1.97592,1.13,1.13
2011.08.24 15:01:21.909,1.97534,1.97586,1.13,1.13
2011.08.24 15:01:23.676,1.97545,1.97599,1.13,1.88
2011.08.24 15:01:24.007,1.97539,1.97593,1.13,1.13
2011.08.24 15:01:25.004,1.97539,1.97591,1.13,1.13
2011.08.24 15:01:25.657,1.97535,1.97587,1.13,1.13
2011.08.24 15:01:26.035,1.9754,1.97592,1.13,1.88
2011.08.24 15:01:26.596,1.97539,1.97593,1.13,1.13
2011.08.24 15:01:26.707,1.97539,1.97591,1.13,1.13
2011.08.24 15:01:28.576,1.9754,1.97592,1.13,1.13
2011.08.24 15:01:28.908,1.97534,1.97586,1.13,1.13
2011.08.24 15:01:29.135,1.97539,1.97593,1.13,1.88
2011.08.24 15:01:29.361,1.97535,1.97587,1.13,1.13
2011.08.24 15:01:30.005,1.97534,1.97586,1.13,1.13
2011.08.24 15:01:30.227,1.97531,1.97585,1.13,1.13
2011.08.24 15:01:30.836,1.97534,1.97586,1.13,1.13
2011.08.24 15:01:33.007,1.97528,1.9758,1.13,1.13
2011.08.24 15:01:33.229,1.97519,1.97572,1.88,1.13
2011.08.24 15:01:33.455,1.97525,1.97578,1.13,1.13
2011.08.24 15:01:33.676,1.97521,1.97575,1.13,1.13
2011.08.24 15:01:34.736,1.97515,1.97569,1.88,1.13
2011.08.24 15:01:35.370,1.97516,1.97568,1.13,1.13
2011.08.24 15:01:36.586,1.97504,1.97556,1.88,1.13
2011.08.24 15:01:36.917,1.97504,1.97556,1.88,1.13
2011.08.24 15:01:37.028,1.97504,1.97556,1.13,1.13
2011.08.24 15:01:37.259,1.97503,1.97555,1.50,1.13
2011.08.24 15:01:37.380,1.97501,1.97555,1.13,1.13
2011.08.24 15:01:37.497,1.97504,1.97556,1.88,1.13
2011.08.24 15:01:37.835,1.97502,1.97554,1.88,1.13
2011.08.24 15:01:38.359,1.97506,1.97554,1.50,1.13
2011.08.24 15:01:38.481,1.9751,1.97562,1.88,1.13
2011.08.24 15:01:39.166,1.9751,1.97562,1.13,1.13
2011.08.24 15:01:41.009,1.97511,1.97561,1.50,1.13
2011.08.24 15:01:41.349,1.97508,1.97552,1.50,1.13
2011.08.24 15:01:41.468,1.97509,1.97563,1.88,1.13
2011.08.24 15:01:41.577,1.97506,1.97554,1.50,1.13
2011.08.24 15:01:41.858,1.97505,1.97556,1.50,1.13
2011.08.24 15:01:42.403,1.97506,1.9755,1.50,1.13
2011.08.24 15:01:42.626,1.97503,1.9755,1.50,1.13
2011.08.24 15:01:43.210,1.97503,1.9755,1.50,1.13
2011.08.24 15:01:43.747,1.97532,1.9755,1.09,1.13
2011.08.24 15:01:43.856,1.97553,1.97614,1.13,1.88
2011.08.24 15:01:43.968,1.97569,1.97614,1.09,1.13
2011.08.24 15:01:44.088,1.97579,1.97631,1.13,1.50
2011.08.24 15:01:44.210,1.97579,1.97642,1.13,1.09
2011.08.24 15:01:44.328,1.97571,1.97635,1.50,1.13
2011.08.24 15:01:44.556,1.9757,1.97635,1.50,1.13
2011.08.24 15:01:44.665,1.97577,1.97638,1.13,1.13
2011.08.24 15:01:45.448,1.97577,1.97638,1.13,1.88
2011.08.24 15:01:45.968,1.97577,1.97638,1.13,1.88
2011.08.24 15:01:46.089,1.97565,1.97626,1.13,1.13
2011.08.24 15:01:46.891,1.97568,1.97633,1.13,1.50
2011.08.24 15:01:47.010,1.97578,1.97638,1.13,1.50
2011.08.24 15:01:47.126,1.97578,1.97648,1.88,1.13
2011.08.24 15:01:47.238,1.97573,1.97641,1.88,1.13
2011.08.24 15:01:47.579,1.97592,1.97646,1.13,1.13
2011.08.24 15:01:48.416,1.97597,1.97648,1.13,1.13
2011.08.24 15:01:50.356,1.97599,1.97649,1.13,1.50
2011.08.24 15:01:50.689,1.97605,1.97657,1.13,1.88
2011.08.24 15:01:51.676,1.97605,1.97657,1.13,1.13
2011.08.24 15:01:51.897,1.97586,1.97654,1.50,1.13
2011.08.24 15:01:52.006,1.97605,1.97657,1.13,1.88
2011.08.24 15:01:52.338,1.97605,1.97631,1.13,1.50
2011.08.24 15:01:52.460,1.97585,1.97631,1.13,1.50
2011.08.24 15:01:52.577,1.97585,1.97638,1.13,1.50
2011.08.24 15:01:52.687,1.97585,1.97644,1.13,1.50
2011.08.24 15:01:52.800,1.97573,1.9765,1.50,1.88
2011.08.24 15:01:53.026,1.97568,1.97648,1.50,1.50
2011.08.24 15:01:53.423,1.97565,1.97645,2.63,1.50
2011.08.24 15:01:54.015,1.97568,1.97646,1.50,1.50
2011.08.24 15:01:55.413,1.97568,1.97649,1.50,1.50
2011.08.24 15:01:55.526,1.97572,1.9765,1.50,1.88
2011.08.24 15:01:55.637,1.97569,1.97647,1.50,1.50
2011.08.24 15:02:01.596,1.97567,1.97645,1.50,1.50
2011.08.24 15:02:01.865,1.97565,1.97641,1.88,1.50
2011.08.24 15:02:01.975,1.97565,1.97641,1.88,1.50
2011.08.24 15:02:02.829,1.97565,1.97639,1.50,1.13
2011.08.24 15:02:03.169,1.97574,1.97645,1.88,1.88
2011.08.24 15:02:03.570,1.97582,1.97645,1.13,1.13
2011.08.24 15:02:03.691,1.97592,1.97644,1.13,1.13
2011.08.24 15:02:04.697,1.97594,1.97646,1.13,1.13
2011.08.24 15:02:05.120,1.97595,1.97647,1.13,1.88
2011.08.24 15:02:05.570,1.97593,1.97647,1.13,1.88
2011.08.24 15:02:05.798,1.97587,1.97641,1.13,1.13
2011.08.24 15:02:06.058,1.97591,1.97645,1.13,1.88
2011.08.24 15:02:07.132,1.97603,1.97656,1.13,1.88
2011.08.24 15:02:07.246,1.97603,1.97656,1.13,1.13
2011.08.24 15:02:08.285,1.97603,1.97656,1.13,2.63
2011.08.24 15:02:08.558,1.97603,1.97656,1.13,1.13
2011.08.24 15:02:09.318,1.97598,1.97649,1.13,1.13
2011.08.24 15:02:09.657,1.97604,1.97658,1.13,2.63
2011.08.24 15:02:10.648,1.97604,1.97658,1.13,1.88
2011.08.24 15:02:12.018,1.97604,1.97656,1.13,1.50
2011.08.24 15:02:12.126,1.97585,1.97647,1.47,1.13
2011.08.24 15:02:12.455,1.97602,1.97655,1.13,1.88
2011.08.24 15:02:12.896,1.97604,1.97656,1.13,1.50
2011.08.24 15:02:13.007,1.97604,1.97656,1.13,1.50
2011.08.24 15:02:13.260,1.97604,1.97658,1.13,1.13
2011.08.24 15:02:13.379,1.97598,1.97652,1.13,1.13
2011.08.24 15:02:13.717,1.97605,1.97657,1.13,1.13
2011.08.24 15:02:14.073,1.97605,1.97657,1.13,1.88
2011.08.24 15:02:14.187,1.97599,1.97651,1.13,1.13
2011.08.24 15:02:15.736,1.97604,1.97658,1.13,1.88
2011.08.24 15:02:16.377,1.97604,1.97655,1.13,1.09
2011.08.24 15:02:16.707,1.97574,1.97625,1.13,1.13
2011.08.24 15:02:17.039,1.97565,1.97604,1.50,1.13
2011.08.24 15:02:17.159,1.97567,1.97606,1.50,1.13
2011.08.24 15:02:17.387,1.97567,1.97628,1.50,1.50
2011.08.24 15:02:17.500,1.97572,1.97628,1.13,1.50
2011.08.24 15:02:18.010,1.97572,1.97639,1.13,1.13
2011.08.24 15:02:18.131,1.97572,1.97639,1.13,1.50
2011.08.24 15:02:18.248,1.97572,1.97633,1.13,1.50
2011.08.24 15:02:18.586,1.97572,1.97631,1.13,1.50
2011.08.24 15:02:18.700,1.9757,1.97631,1.13,1.50
2011.08.24 15:02:18.816,1.9757,1.97634,1.13,1.50
2011.08.24 15:02:19.106,1.9757,1.97631,1.13,1.50
2011.08.24 15:02:19.568,1.97572,1.97631,1.13,1.50
2011.08.24 15:02:19.689,1.97568,1.97631,1.13,1.50
2011.08.24 15:02:19.808,1.97573,1.97634,1.13,1.50
2011.08.24 15:02:20.028,1.97572,1.97639,1.13,1.50
2011.08.24 15:02:21.973,1.97572,1.97642,1.13,1.50
2011.08.24 15:02:22.542,1.97572,1.9764,1.13,1.50
2011.08.24 15:02:22.769,1.97572,1.97639,1.13,1.50
2011.08.24 15:02:22.887,1.97572,1.97642,1.13,1.50
2011.08.24 15:02:23.266,1.97572,1.9764,1.13,1.50
2011.08.24 15:02:23.597,1.97573,1.97643,1.13,1.50
2011.08.24 15:02:23.706,1.97573,1.97645,1.13,1.50
2011.08.24 15:02:24.275,1.97573,1.97663,1.13,1.13
2011.08.24 15:02:24.385,1.97571,1.97651,2.63,1.50
2011.08.24 15:02:24.826,1.97571,1.97646,1.88,1.50
2011.08.24 15:02:25.356,1.97571,1.97648,1.88,1.50
2011.08.24 15:02:26.186,1.97571,1.97644,1.13,1.50
2011.08.24 15:02:26.888,1.97571,1.97645,1.13,1.50
2011.08.24 15:02:28.196,1.97571,1.97647,1.88,1.50
2011.08.24 15:02:28.860,1.97571,1.97648,1.13,1.50
2011.08.24 15:02:29.661,1.97572,1.97648,1.88,1.50
2011.08.24 15:02:30.131,1.97572,1.9765,1.50,1.50
2011.08.24 15:02:30.357,1.97573,1.97644,1.13,1.50
2011.08.24 15:02:30.637,1.97573,1.97647,1.13,1.50
2011.08.24 15:02:31.186,1.97572,1.9765,1.50,1.50
2011.08.24 15:02:32.370,1.9757,1.97648,1.88,1.50
2011.08.24 15:02:32.709,1.9757,1.97646,1.88,1.50
2011.08.24 15:02:33.199,1.9757,1.97643,1.88,1.50
2011.08.24 15:02:33.500,1.9757,1.97638,1.13,1.50
2011.08.24 15:02:33.725,1.9757,1.97645,1.13,1.50
2011.08.24 15:02:34.817,1.9757,1.97646,1.88,1.50
2011.08.24 15:02:34.926,1.97573,1.9765,1.88,1.50
2011.08.24 15:02:35.260,1.97577,1.97644,1.13,1.50
2011.08.24 15:02:35.486,1.97578,1.97656,1.50,1.50
2011.08.24 15:02:35.598,1.97589,1.97656,1.13,1.50
2011.08.24 15:02:35.927,1.97588,1.97651,1.88,1.50
2011.08.24 15:02:36.356,1.97629,1.97676,1.13,1.50
2011.08.24 15:02:36.473,1.97592,1.97672,1.50,1.50
2011.08.24 15:02:36.587,1.97589,1.97669,1.50,1.50
2011.08.24 15:02:36.696,1.97588,1.97659,1.13,1.50
2011.08.24 15:02:37.055,1.97588,1.97658,1.13,1.50
2011.08.24 15:02:37.716,1.97588,1.97658,1.13,1.50
2011.08.24 15:02:38.485,1.97588,1.9766,1.13,1.50
2011.08.24 15:02:38.940,1.97588,1.9766,1.13,1.50
2011.08.24 15:02:39.056,1.97588,1.97663,1.13,1.50
2011.08.24 15:02:39.275,1.97588,1.97662,1.88,1.50
2011.08.24 15:02:39.605,1.97588,1.97665,1.13,1.50
2011.08.24 15:02:40.997,1.97588,1.9766,1.88,1.50
2011.08.24 15:02:42.318,1.97588,1.97663,1.13,1.50
2011.08.24 15:02:51.536,1.97598,1.97675,1.50,1.88
2011.08.24 15:02:51.646,1.97588,1.97661,1.13,1.50
2011.08.24 15:02:51.756,1.97595,1.97675,1.50,2.63
2011.08.24 15:02:52.090,1.976,1.97676,1.88,1.50
2011.08.24 15:02:52.208,1.976,1.9768,2.63,1.50
2011.08.24 15:02:52.458,1.976,1.9768,2.63,1.50
2011.08.24 15:02:52.798,1.97613,1.97688,1.13,1.50
2011.08.24 15:02:53.027,1.97606,1.97682,1.13,1.50
2011.08.24 15:02:53.328,1.97606,1.97682,1.13,1.50
2011.08.24 15:02:53.659,1.97606,1.97676,1.13,1.50
2011.08.24 15:02:54.044,1.97606,1.97671,1.13,1.50
2011.08.24 15:02:54.219,1.97606,1.97671,1.13,1.50
2011.08.24 15:02:54.337,1.97606,1.97669,1.13,1.50
2011.08.24 15:02:54.451,1.97606,1.9767,1.13,1.50
2011.08.24 15:02:54.781,1.97608,1.97673,1.13,1.50
2011.08.24 15:02:55.118,1.976,1.97651,1.13,1.13
2011.08.24 15:02:55.348,1.9759,1.97649,1.88,1.13
2011.08.24 15:02:55.789,1.97606,1.97657,1.13,1.88
2011.08.24 15:02:56.017,1.97589,1.9765,1.88,1.13
2011.08.24 15:02:56.968,1.97588,1.97642,1.13,1.13
2011.08.24 15:02:57.088,1.9759,1.97649,1.13,1.13
2011.08.24 15:02:58.427,1.9759,1.97649,1.13,1.88
2011.08.24 15:02:59.558,1.9759,1.97649,1.13,1.13
2011.08.24 15:02:59.788,1.97599,1.97652,1.13,1.13
2011.08.24 15:03:00.119,1.97606,1.97657,1.13,1.13
2011.08.24 15:03:00.727,1.97599,1.97652,1.13,1.13
2011.08.24 15:03:01.741,1.97611,1.97664,1.13,1.88
2011.08.24 15:03:01.857,1.97602,1.97657,1.50,1.13
2011.08.24 15:03:02.103,1.97602,1.97657,1.50,1.13
2011.08.24 15:03:02.219,1.97617,1.9767,1.13,1.13
2011.08.24 15:03:10.673,1.97628,1.97681,1.13,1.13
2011.08.24 15:03:11.228,1.9763,1.97681,1.13,1.13
2011.08.24 15:03:11.556,1.97624,1.97675,1.13,1.13
2011.08.24 15:03:13.477,1.97617,1.9767,1.13,1.13
2011.08.24 15:03:19.186,1.97611,1.97664,1.13,1.13
2011.08.24 15:03:20.057,1.97601,1.97662,1.13,1.13
2011.08.24 15:03:21.987,1.97602,1.97659,1.13,1.13
2011.08.24 15:03:22.207,1.97589,1.9765,1.13,1.88
2011.08.24 15:03:22.794,1.9758,1.97639,1.13,1.13
2011.08.24 15:03:23.291,1.97579,1.97638,1.13,1.13
2011.08.24 15:03:23.709,1.97579,1.97638,1.50,1.13
2011.08.24 15:03:24.047,1.97612,1.97666,1.13,1.88
2011.08.24 15:03:24.647,1.97612,1.97666,1.13,1.13
2011.08.24 15:03:26.440,1.97612,1.97665,1.13,1.13
2011.08.24 15:03:26.891,1.9759,1.97642,1.88,1.13
2011.08.24 15:03:27.113,1.9759,1.97642,1.13,1.13
2011.08.24 15:03:29.130,1.97594,1.97647,1.13,1.13
2011.08.24 15:03:29.687,1.97601,1.97653,1.13,1.13
2011.08.24 15:03:30.017,1.97602,1.97663,1.13,1.88
2011.08.24 15:03:33.808,1.97608,1.97664,1.13,1.13
2011.08.24 15:03:34.258,1.97602,1.97663,1.13,1.13
2011.08.24 15:03:34.697,1.97615,1.97674,1.13,1.88
2011.08.24 15:03:34.808,1.97615,1.97674,1.13,1.13
2011.08.24 15:03:37.207,1.9763,1.97684,1.13,1.13
2011.08.24 15:03:37.535,1.97612,1.97665,1.13,1.13
2011.08.24 15:03:37.758,1.9761,1.97664,1.13,1.13
2011.08.24 15:03:38.528,1.97631,1.97667,1.13,1.50
2011.08.24 15:03:38.637,1.97631,1.97681,1.13,1.50
2011.08.24 15:03:38.746,1.97623,1.97675,1.13,1.13
2011.08.24 15:03:38.967,1.97624,1.97677,1.13,1.13
2011.08.24 15:03:39.870,1.97624,1.97677,1.13,1.88
2011.08.24 15:03:42.176,1.9763,1.97679,1.13,1.50
2011.08.24 15:03:42.617,1.9763,1.97681,1.13,1.50
2011.08.24 15:03:43.039,1.9763,1.97684,1.13,3.38
2011.08.24 15:03:43.377,1.97624,1.97675,1.13,1.50
2011.08.24 15:03:43.708,1.97622,1.97675,1.13,1.50
2011.08.24 15:03:43.828,1.97622,1.97672,1.13,1.50
2011.08.24 15:03:44.059,1.97615,1.97672,1.13,1.50
2011.08.24 15:03:44.608,1.97608,1.97663,1.13,1.88
2011.08.24 15:03:44.726,1.9762,1.97668,1.13,1.50
2011.08.24 15:03:44.837,1.9762,1.97668,1.13,1.50
2011.08.24 15:03:44.947,1.97623,1.97667,1.13,1.50
2011.08.24 15:03:45.167,1.97623,1.97675,1.13,1.50
2011.08.24 15:03:45.386,1.97619,1.9767,1.13,1.88
2011.08.24 15:03:45.498,1.97607,1.97664,1.13,1.13
2011.08.24 15:03:45.618,1.97611,1.97663,1.13,1.13
2011.08.24 15:03:45.728,1.97612,1.97665,1.13,1.13
2011.08.24 15:03:45.957,1.97624,1.97674,1.13,1.50
2011.08.24 15:03:46.201,1.97612,1.97665,1.13,1.13
2011.08.24 15:03:46.536,1.97612,1.97665,1.13,2.63
2011.08.24 15:03:47.231,1.97612,1.97661,1.13,1.50
2011.08.24 15:03:47.557,1.97612,1.97665,1.13,2.63
2011.08.24 15:03:49.017,1.97612,1.97662,1.13,1.50
2011.08.24 15:03:49.127,1.97603,1.97662,1.13,2.63
2011.08.24 15:03:49.662,1.97603,1.97659,1.13,1.50
2011.08.24 15:03:51.445,1.97605,1.97659,1.13,1.50
2011.08.24 15:03:51.559,1.97608,1.97662,1.13,1.50
2011.08.24 15:03:51.898,1.9762,1.97664,1.13,1.50
2011.08.24 15:03:52.020,1.97612,1.97664,1.13,1.50
2011.08.24 15:03:52.138,1.97612,1.97665,1.13,1.88
2011.08.24 15:03:52.259,1.97612,1.97665,1.13,1.88
2011.08.24 15:03:52.486,1.97609,1.97662,1.13,1.50
2011.08.24 15:03:52.597,1.97609,1.97662,1.13,1.50
2011.08.24 15:03:52.816,1.97609,1.9766,1.13,1.50
2011.08.24 15:03:53.390,1.97617,1.97663,1.13,1.50
2011.08.24 15:03:53.836,1.97617,1.97667,1.13,1.50
2011.08.24 15:03:54.166,1.97613,1.97664,1.13,1.88
2011.08.24 15:03:54.700,1.97613,1.97664,1.13,2.63
2011.08.24 15:03:54.816,1.97613,1.97663,1.13,1.50
2011.08.24 15:03:56.399,1.97619,1.9767,1.13,1.13
2011.08.24 15:03:56.522,1.97612,1.97665,1.13,1.13
2011.08.24 15:03:57.587,1.97612,1.97665,1.13,1.88
2011.08.24 15:03:58.670,1.97612,1.97665,1.13,1.13
2011.08.24 15:03:58.820,1.97612,1.97665,1.13,1.47
2011.08.24 15:03:59.348,1.97601,1.97653,1.13,1.13
2011.08.24 15:03:59.466,1.97607,1.97659,1.13,1.88
2011.08.24 15:03:59.577,1.97607,1.97659,1.13,1.88
2011.08.24 15:04:00.126,1.97607,1.97659,1.13,1.88
2011.08.24 15:04:00.549,1.97601,1.97655,1.13,1.88
2011.08.24 15:04:02.188,1.97601,1.97653,1.13,1.13
2011.08.24 15:04:02.737,1.97606,1.9766,1.13,1.88
2011.08.24 15:04:05.198,1.97606,1.9766,1.13,1.13
2011.08.24 15:04:05.307,1.97613,1.97663,1.13,1.50
2011.08.24 15:04:05.721,1.97613,1.97664,1.13,1.50
2011.08.24 15:04:05.947,1.97613,1.97664,1.13,1.50
2011.08.24 15:04:06.300,1.97613,1.97664,1.13,1.50
2011.08.24 15:04:09.216,1.97607,1.97664,1.13,2.63
2011.08.24 15:04:09.326,1.97607,1.97661,1.13,1.50
2011.08.24 15:04:10.037,1.97607,1.97663,1.13,1.50
2011.08.24 15:04:10.145,1.97607,1.97663,1.13,1.50
2011.08.24 15:04:10.366,1.97607,1.97664,1.13,1.88
2011.08.24 15:04:10.694,1.97607,1.97661,1.13,1.50
2011.08.24 15:04:11.557,1.97607,1.9766,1.13,1.50
2011.08.24 15:04:11.666,1.97607,1.97663,1.13,1.50
2011.08.24 15:04:13.428,1.97603,1.97655,1.13,1.13
2011.08.24 15:04:13.539,1.97591,1.9765,1.13,1.13
2011.08.24 15:04:14.147,1.97591,1.9765,1.13,1.88
2011.08.24 15:04:14.256,1.97601,1.97651,1.13,1.50
2011.08.24 15:04:14.627,1.97601,1.97653,1.13,1.13
2011.08.24 15:04:15.508,1.97601,1.97651,1.13,1.50
2011.08.24 15:04:15.626,1.97601,1.97653,1.13,1.88
2011.08.24 15:04:15.881,1.97607,1.97654,1.13,1.50
2011.08.24 15:04:15.999,1.97601,1.97653,1.13,1.13
2011.08.24 15:04:16.446,1.97602,1.97659,1.13,1.50
2011.08.24 15:04:16.776,1.97612,1.97659,1.13,1.50
2011.08.24 15:04:17.518,1.97603,1.97662,1.13,2.63
2011.08.24 15:04:18.062,1.97603,1.97659,1.13,1.50
2011.08.24 15:04:18.268,1.97603,1.97659,1.13,1.50
2011.08.24 15:04:18.487,1.97609,1.97663,1.13,1.50
2011.08.24 15:04:18.938,1.97612,1.97663,1.13,1.50
2011.08.24 15:04:19.581,1.97612,1.97665,1.13,1.50
2011.08.24 15:04:19.696,1.97612,1.97666,1.13,1.88
2011.08.24 15:04:19.806,1.97612,1.97666,1.13,1.88
2011.08.24 15:04:20.579,1.97602,1.97663,1.13,2.63
2011.08.24 15:04:20.696,1.97602,1.97662,1.13,1.50
2011.08.24 15:04:21.328,1.97602,1.97663,1.13,1.88
2011.08.24 15:04:21.892,1.97627,1.97681,1.13,1.13
2011.08.24 15:04:22.013,1.97608,1.97683,1.50,1.13
2011.08.24 15:04:22.131,1.97627,1.97682,1.13,1.50
2011.08.24 15:04:22.359,1.97627,1.97685,1.13,1.50
2011.08.24 15:04:22.586,1.97627,1.97686,1.13,1.88
2011.08.24 15:04:23.787,1.97627,1.97686,1.13,1.88
2011.08.24 15:04:26.588,1.97627,1.97683,1.13,1.50
2011.08.24 15:04:27.197,1.97627,1.97686,1.13,1.88
2011.08.24 15:04:28.665,1.97627,1.97685,1.13,1.50
2011.08.24 15:04:33.516,1.97627,1.97685,1.13,1.88
2011.08.24 15:04:33.887,1.97631,1.97687,1.13,1.13
2011.08.24 15:04:34.216,1.97633,1.97687,1.13,1.13
2011.08.24 15:04:34.657,1.97635,1.97688,1.13,1.88
2011.08.24 15:04:35.006,1.97635,1.97688,1.13,1.13
2011.08.24 15:04:36.116,1.97633,1.97686,1.13,1.13
2011.08.24 15:04:36.446,1.97629,1.97686,1.13,1.13
2011.08.24 15:04:37.826,1.97629,1.97686,1.13,1.88
2011.08.24 15:04:37.938,1.97633,1.9769,1.13,1.50
2011.08.24 15:04:38.156,1.97633,1.97694,1.13,1.50
2011.08.24 15:04:38.378,1.97634,1.97696,1.13,1.50
2011.08.24 15:04:38.959,1.97634,1.97697,1.13,1.50
2011.08.24 15:04:39.446,1.97631,1.97695,1.13,1.50
2011.08.24 15:04:39.687,1.97631,1.977,1.13,1.50
2011.08.24 15:04:39.797,1.97631,1.97702,1.13,1.50
2011.08.24 15:04:39.907,1.97639,1.97702,1.13,1.50
2011.08.24 15:04:40.676,1.97639,1.97703,1.13,1.50
2011.08.24 15:04:41.259,1.97639,1.97701,1.13,1.50
2011.08.24 15:04:42.030,1.97639,1.97699,1.13,1.50
2011.08.24 15:04:42.384,1.97639,1.97702,1.13,1.50
2011.08.24 15:04:42.837,1.97639,1.97705,1.13,1.50
2011.08.24 15:04:43.866,1.97639,1.97703,1.13,1.50
2011.08.24 15:04:45.128,1.97639,1.97706,1.13,1.50
2011.08.24 15:04:45.556,1.97639,1.97702,1.13,1.50
2011.08.24 15:04:46.393,1.97639,1.97706,1.13,1.50
2011.08.24 15:04:46.947,1.97639,1.97702,1.13,1.50
2011.08.24 15:04:47.056,1.97633,1.97701,1.13,1.88
2011.08.24 15:04:47.386,1.97633,1.97699,1.13,1.50
2011.08.24 15:04:47.997,1.97633,1.97701,1.13,1.88
2011.08.24 15:04:48.812,1.97633,1.97694,1.13,1.50
2011.08.24 15:04:48.932,1.97627,1.97694,1.13,1.50
2011.08.24 15:04:49.048,1.97627,1.9769,1.13,1.50
2011.08.24 15:04:49.388,1.97618,1.97689,1.13,1.50
2011.08.24 15:04:50.189,1.97627,1.9769,1.13,1.50
2011.08.24 15:04:51.908,1.97627,1.97685,1.13,1.50
2011.08.24 15:04:52.247,1.97628,1.97691,1.13,1.50
2011.08.24 15:04:52.357,1.97638,1.97691,1.13,1.50
2011.08.24 15:04:52.577,1.97628,1.97685,1.13,1.50
2011.08.24 15:04:55.628,1.97628,1.97689,1.13,1.50
2011.08.24 15:04:55.847,1.97632,1.97689,1.13,1.50
2011.08.24 15:04:56.068,1.97632,1.97695,1.13,1.50
2011.08.24 15:04:56.298,1.97634,1.97693,1.13,1.50
2011.08.24 15:04:56.408,1.97634,1.97694,1.13,1.50
2011.08.24 15:04:56.526,1.9764,1.97694,1.13,2.25
2011.08.24 15:04:56.857,1.97643,1.97693,1.13,1.50
2011.08.24 15:04:57.399,1.97643,1.97691,1.13,1.50
2011.08.24 15:04:57.524,1.9764,1.97695,1.13,1.50
2011.08.24 15:04:57.748,1.9764,1.97697,1.13,1.50
2011.08.24 15:04:58.531,1.9764,1.97697,1.13,1.50
2011.08.24 15:05:00.201,1.9764,1.97694,1.13,1.50
2011.08.24 15:05:00.671,1.97643,1.97691,1.13,1.50
2011.08.24 15:05:00.794,1.97644,1.97692,1.13,1.50
2011.08.24 15:05:00.907,1.97648,1.97699,1.13,1.50
2011.08.24 15:05:01.241,1.97651,1.97699,1.13,1.50
2011.08.24 15:05:01.579,1.97654,1.97699,1.13,1.50
2011.08.24 15:05:01.809,1.97659,1.97708,1.13,1.50
2011.08.24 15:05:01.929,1.97639,1.97711,1.13,1.50
2011.08.24 15:05:02.157,1.97639,1.97705,1.13,1.50
2011.08.24 15:05:02.489,1.97641,1.97706,1.13,1.50
2011.08.24 15:05:02.828,1.97635,1.97699,1.13,1.50
2011.08.24 15:05:03.321,1.97634,1.97687,1.13,1.13
2011.08.24 15:05:03.438,1.97632,1.97686,1.13,1.13
2011.08.24 15:05:03.547,1.97632,1.97684,1.13,1.13
2011.08.24 15:05:03.767,1.97635,1.97688,1.13,1.13
2011.08.24 15:05:03.986,1.97624,1.97675,1.13,1.13
2011.08.24 15:05:04.317,1.97612,1.97663,1.13,1.13
2011.08.24 15:05:04.540,1.97613,1.97667,1.13,1.13
2011.08.24 15:05:04.767,1.97612,1.97663,1.13,1.13
2011.08.24 15:05:04.877,1.97613,1.97667,1.13,1.13
2011.08.24 15:05:05.409,1.97611,1.97664,1.13,1.13
2011.08.24 15:05:06.028,1.97605,1.97662,1.13,1.13
2011.08.24 15:05:06.609,1.97617,1.97668,1.13,1.50
2011.08.24 15:05:06.840,1.97612,1.97663,1.13,1.88
2011.08.24 15:05:08.060,1.97595,1.97651,1.13,1.13
2011.08.24 15:05:08.618,1.97595,1.97639,1.13,1.09
2011.08.24 15:05:09.030,1.97593,1.97634,1.13,1.09
2011.08.24 15:05:09.153,1.9756,1.97634,1.13,1.50
2011.08.24 15:05:09.269,1.9758,1.97637,1.13,1.13
2011.08.24 15:05:09.389,1.97577,1.97638,1.13,1.88
2011.08.24 15:05:09.617,1.97577,1.97638,1.13,1.47
2011.08.24 15:05:09.732,1.97575,1.97629,1.13,1.84
2011.08.24 15:05:09.849,1.97562,1.97604,1.50,1.13
2011.08.24 15:05:09.967,1.97552,1.97604,1.13,1.13
2011.08.24 15:05:10.747,1.97564,1.97616,1.13,1.13
2011.08.24 15:05:12.166,1.97563,1.97617,1.13,1.13
2011.08.24 15:05:12.496,1.97577,1.97631,1.13,1.88
2011.08.24 15:05:12.974,1.97581,1.97638,1.13,1.88
2011.08.24 15:05:13.092,1.97581,1.97638,1.13,1.13
2011.08.24 15:05:14.440,1.97578,1.97632,1.13,1.13
2011.08.24 15:05:15.110,1.97576,1.9763,1.13,1.13
2011.08.24 15:05:15.450,1.97572,1.97626,1.13,1.13
2011.08.24 15:05:16.148,1.97572,1.97626,1.47,1.13
2011.08.24 15:05:16.756,1.97582,1.97633,1.13,1.13
2011.08.24 15:05:20.035,1.97584,1.97636,1.13,1.13
2011.08.24 15:05:20.247,1.97581,1.97634,1.13,1.13
2011.08.24 15:05:20.466,1.97581,1.97634,1.13,1.47
2011.08.24 15:05:20.580,1.97571,1.97638,1.50,1.09
2011.08.24 15:05:20.698,1.97568,1.9763,1.13,1.09
2011.08.24 15:05:20.807,1.9756,1.97612,1.13,1.13
2011.08.24 15:05:21.136,1.97558,1.97609,1.47,1.13
2011.08.24 15:05:21.247,1.97563,1.97616,1.47,1.13
2011.08.24 15:05:21.467,1.97565,1.97618,1.13,1.13
2011.08.24 15:05:21.906,1.97553,1.97614,1.88,1.13
2011.08.24 15:05:24.479,1.97564,1.97615,1.13,1.13
2011.08.24 15:05:24.707,1.97554,1.97613,1.13,1.13
2011.08.24 15:05:30.997,1.97552,1.97603,1.13,1.13
2011.08.24 15:05:31.439,1.97541,1.97602,1.13,1.13
2011.08.24 15:05:32.366,1.97537,1.97596,1.88,1.13
2011.08.24 15:05:35.297,1.9753,1.97584,1.13,1.13
2011.08.24 15:05:35.626,1.97534,1.97587,1.13,1.13
2011.08.24 15:05:35.957,1.97532,1.97585,1.13,1.13
2011.08.24 15:05:38.146,1.97532,1.97586,1.13,1.13
2011.08.24 15:05:38.868,1.97531,1.97586,1.13,1.13
2011.08.24 15:05:40.577,1.9753,1.97586,1.13,1.13
2011.08.24 15:05:40.968,1.97532,1.97585,1.13,1.13
2011.08.24 15:05:43.057,1.97532,1.97586,1.13,1.13
2011.08.24 15:05:45.238,1.97536,1.9759,1.13,1.13
2011.08.24 15:05:45.679,1.97538,1.9759,1.13,1.13
2011.08.24 15:05:45.801,1.97539,1.97592,1.13,1.13
2011.08.24 15:05:46.796,1.97535,1.97586,1.13,1.13
2011.08.24 15:05:51.912,1.97535,1.97586,1.13,1.88
2011.08.24 15:05:52.356,1.97522,1.97576,1.13,1.13
2011.08.24 15:05:54.840,1.97535,1.97586,1.13,1.13
2011.08.24 15:05:55.557,1.9754,1.97593,1.13,1.13
2011.08.24 15:06:00.058,1.97542,1.97594,1.13,1.88
2011.08.24 15:06:00.277,1.9754,1.97593,1.13,1.13
2011.08.24 15:06:01.734,1.97528,1.97582,1.13,1.47
2011.08.24 15:06:04.136,1.97528,1.97582,1.13,1.47
2011.08.24 15:06:05.718,1.97528,1.97582,1.13,1.47
2011.08.24 15:06:08.787,1.97522,1.97576,1.13,1.13
2011.08.24 15:06:09.337,1.97529,1.97581,1.13,1.47
2011.08.24 15:06:10.750,1.97522,1.97576,1.13,1.13
2011.08.24 15:06:10.978,1.97528,1.97582,1.13,1.13
2011.08.24 15:06:11.306,1.97523,1.97575,1.13,1.13
2011.08.24 15:06:11.419,1.97528,1.97582,1.13,1.13
2011.08.24 15:06:11.979,1.97522,1.97576,1.88,1.13
2011.08.24 15:06:12.319,1.97535,1.97586,1.13,1.47
2011.08.24 15:06:12.440,1.97525,1.97584,1.88,1.13
2011.08.24 15:06:13.547,1.97525,1.97584,1.88,1.13
2011.08.24 15:06:14.048,1.97525,1.97584,1.13,1.13
2011.08.24 15:06:14.426,1.97523,1.97574,1.88,1.13
2011.08.24 15:06:14.867,1.97529,1.9758,1.13,1.13
2011.08.24 15:06:16.410,1.97534,1.97587,1.13,1.13
2011.08.24 15:06:17.161,1.97525,1.97584,1.88,1.13
2011.08.24 15:06:17.694,1.97525,1.97584,1.13,1.13
2011.08.24 15:06:22.856,1.97513,1.97572,1.88,1.13
2011.08.24 15:06:24.617,1.97513,1.97572,1.88,1.13
2011.08.24 15:06:24.949,1.97522,1.97576,1.13,1.13
2011.08.24 15:06:26.577,1.97513,1.97572,1.13,1.13
2011.08.24 15:06:26.796,1.97524,1.97584,1.13,1.09
2011.08.24 15:06:27.019,1.97524,1.97585,1.13,1.47
2011.08.24 15:06:27.616,1.97526,1.97589,1.13,1.50
2011.08.24 15:06:28.166,1.97526,1.97586,1.13,1.13
2011.08.24 15:06:28.543,1.97526,1.97594,1.13,1.09
2011.08.24 15:06:29.047,1.97526,1.97594,1.13,1.09
2011.08.24 15:06:30.558,1.97526,1.97595,1.13,2.22
2011.08.24 15:06:31.787,1.97526,1.97594,1.88,1.47
2011.08.24 15:06:32.809,1.97526,1.97594,1.13,1.47
2011.08.24 15:06:32.930,1.97525,1.97587,1.13,1.13
2011.08.24 15:06:33.332,1.97525,1.97582,1.13,1.13
2011.08.24 15:06:33.448,1.97524,1.97585,1.13,1.13
2011.08.24 15:06:35.227,1.97535,1.97586,1.13,1.13
2011.08.24 15:06:36.938,1.97535,1.97586,1.13,1.47
2011.08.24 15:06:38.228,1.97535,1.97586,1.13,1.13
2011.08.24 15:06:38.557,1.97525,1.97575,1.50,1.13
2011.08.24 15:06:38.668,1.97525,1.97575,1.50,1.13
2011.08.24 15:06:38.887,1.97523,1.97575,1.13,1.13
2011.08.24 15:06:39.436,1.97523,1.97575,1.13,1.47
2011.08.24 15:06:39.658,1.9751,1.97564,1.13,1.13
2011.08.24 15:06:44.177,1.97502,1.9756,1.88,1.13
2011.08.24 15:06:44.398,1.97514,1.97573,1.13,1.13
2011.08.24 15:06:44.959,1.97516,1.97573,1.13,1.13
2011.08.24 15:06:45.408,1.97522,1.97576,1.13,1.13
2011.08.24 15:06:45.957,1.97534,1.97587,1.13,1.13
2011.08.24 15:06:48.367,1.97534,1.97587,1.13,1.47
2011.08.24 15:06:51.005,1.97537,1.97594,1.13,1.84
2011.08.24 15:06:52.158,1.97536,1.97594,1.13,1.84
2011.08.24 15:06:54.703,1.97538,1.97593,1.13,1.09
2011.08.24 15:06:54.819,1.97527,1.97585,1.13,1.88
2011.08.24 15:06:55.269,1.97525,1.97585,1.13,1.13
2011.08.24 15:06:55.630,1.97526,1.97584,1.13,1.47
2011.08.24 15:06:55.859,1.97522,1.97576,1.13,1.13
2011.08.24 15:06:59.709,1.97528,1.97582,1.13,1.47
2011.08.24 15:07:00.046,1.97523,1.97575,1.88,1.13
2011.08.24 15:07:00.376,1.97512,1.97564,1.13,1.13
2011.08.24 15:07:00.488,1.9751,1.97564,1.13,1.13
2011.08.24 15:07:01.628,1.9751,1.97564,1.88,1.13
2011.08.24 15:07:02.060,1.9751,1.97564,1.13,1.13
2011.08.24 15:07:04.608,1.97511,1.97565,1.13,1.13
2011.08.24 15:07:05.797,1.97513,1.97565,1.13,1.13
2011.08.24 15:07:06.017,1.9751,1.97564,1.13,1.13
2011.08.24 15:07:06.922,1.9751,1.97564,1.88,1.13
2011.08.24 15:07:07.326,1.97511,1.97564,1.50,1.13
2011.08.24 15:07:07.438,1.9751,1.97564,1.88,1.13
2011.08.24 15:07:07.548,1.97515,1.97568,1.88,1.13
2011.08.24 15:07:07.877,1.97516,1.97564,1.50,1.13
2011.08.24 15:07:07.986,1.97513,1.97564,1.50,1.13
2011.08.24 15:07:08.098,1.97511,1.97564,1.50,1.13
2011.08.24 15:07:08.216,1.9751,1.97564,1.88,1.13
2011.08.24 15:07:08.751,1.97512,1.97564,1.50,1.13
2011.08.24 15:07:09.156,1.97513,1.97557,1.50,1.13
2011.08.24 15:07:09.377,1.97508,1.97557,1.50,1.13
2011.08.24 15:07:09.847,1.97516,1.9757,1.13,1.13
2011.08.24 15:07:10.178,1.97516,1.9757,1.88,1.13
2011.08.24 15:07:10.287,1.97516,1.9757,2.63,1.13
2011.08.24 15:07:10.397,1.97516,1.9757,1.88,1.13
2011.08.24 15:07:10.760,1.97517,1.97563,1.50,1.13
2011.08.24 15:07:10.877,1.97517,1.9757,1.50,1.13
2011.08.24 15:07:10.988,1.97514,1.97564,1.50,1.13
2011.08.24 15:07:11.098,1.97514,1.97564,1.50,1.13
2011.08.24 15:07:11.368,1.97512,1.97564,1.50,1.13
2011.08.24 15:07:12.039,1.97512,1.97558,1.50,1.13
2011.08.24 15:07:12.147,1.97508,1.97558,1.50,1.13
2011.08.24 15:07:12.255,1.97516,1.9757,1.13,1.13
2011.08.24 15:07:12.477,1.97511,1.97563,2.63,1.13
2011.08.24 15:07:13.018,1.97512,1.97563,1.50,1.13
2011.08.24 15:07:13.127,1.97512,1.97563,1.50,1.13
2011.08.24 15:07:13.843,1.97511,1.97563,1.88,1.13
2011.08.24 15:07:13.960,1.97514,1.97567,1.13,1.13
2011.08.24 15:07:15.267,1.97514,1.97567,1.88,1.13
2011.08.24 15:07:15.488,1.97523,1.97575,1.13,1.47
2011.08.24 15:07:17.246,1.97528,1.97582,1.13,1.47
2011.08.24 15:07:19.860,1.97512,1.97566,1.13,1.13
2011.08.24 15:07:19.981,1.97523,1.97575,1.13,1.47
2011.08.24 15:07:20.099,1.97512,1.97565,1.13,1.13
2011.08.24 15:07:20.329,1.97514,1.97572,1.13,1.13
2011.08.24 15:07:21.338,1.97514,1.97572,1.88,1.13
2011.08.24 15:07:21.670,1.97515,1.97567,1.88,1.84
2011.08.24 15:07:22.125,1.97504,1.97555,1.13,1.13
2011.08.24 15:07:22.352,1.97512,1.9757,1.13,1.09
2011.08.24 15:07:22.469,1.97502,1.97571,1.13,1.47
2011.08.24 15:07:22.588,1.97502,1.97571,1.88,1.47
2011.08.24 15:07:23.197,1.97504,1.97571,1.50,1.13
2011.08.24 15:07:23.307,1.97504,1.97571,1.50,1.13
2011.08.24 15:07:23.650,1.97513,1.97573,1.13,1.13
2011.08.24 15:07:23.876,1.97514,1.97583,1.13,2.22
2011.08.24 15:07:24.208,1.97514,1.97583,1.88,1.47
2011.08.24 15:07:24.769,1.97516,1.97583,1.50,1.47
2011.08.24 15:07:25.288,1.97525,1.97585,1.13,1.47
2011.08.24 15:07:25.728,1.97525,1.97573,1.13,1.84
2011.08.24 15:07:25.947,1.97523,1.97575,1.13,1.47
2011.08.24 15:07:26.166,1.97516,1.9757,1.13,1.13
2011.08.24 15:07:26.967,1.97522,1.97576,1.13,1.47
2011.08.24 15:07:27.297,1.97526,1.97584,1.13,1.47
2011.08.24 15:07:27.885,1.97525,1.97578,1.13,1.47
2011.08.24 15:07:28.330,1.9753,1.97582,1.13,1.47
2011.08.24 15:07:28.558,1.97524,1.97576,1.13,1.47
2011.08.24 15:07:33.046,1.97517,1.97571,1.13,1.13
2011.08.24 15:07:38.949,1.97512,1.97564,1.13,1.13
2011.08.24 15:07:39.073,1.97505,1.97563,1.13,1.13
2011.08.24 15:07:39.190,1.97505,1.97563,1.88,1.13
2011.08.24 15:07:39.529,1.975,1.97552,1.13,1.13
2011.08.24 15:07:42.694,1.975,1.97552,1.47,1.13
2011.08.24 15:07:42.816,1.97511,1.97565,1.13,1.13
2011.08.24 15:07:44.219,1.97511,1.97562,1.13,1.13
2011.08.24 15:07:44.339,1.97523,1.97577,1.13,1.13
2011.08.24 15:07:44.787,1.97518,1.9757,1.13,1.13
2011.08.24 15:07:47.907,1.97517,1.97568,1.13,1.13
2011.08.24 15:07:48.020,1.97517,1.97571,1.13,1.13
2011.08.24 15:07:49.346,1.97522,1.97571,1.84,1.13
2011.08.24 15:07:49.874,1.97533,1.97571,2.59,1.13
2011.08.24 15:07:49.990,1.97548,1.97611,1.13,1.13
2011.08.24 15:07:51.186,1.97547,1.97609,1.13,1.13
2011.08.24 15:07:51.521,1.97543,1.97604,1.47,1.13
2011.08.24 15:07:53.178,1.97545,1.97597,1.47,1.13
2011.08.24 15:07:54.149,1.97541,1.97594,1.47,1.13
2011.08.24 15:07:54.379,1.97543,1.97597,1.47,1.13
2011.08.24 15:07:54.937,1.97527,1.97574,1.50,1.13
2011.08.24 15:07:55.047,1.97522,1.97574,1.50,1.13
2011.08.24 15:07:55.157,1.9752,1.97574,1.88,1.13
2011.08.24 15:07:55.378,1.9752,1.97574,1.88,1.13
2011.08.24 15:07:55.487,1.97513,1.97574,1.13,1.13
2011.08.24 15:07:55.598,1.97514,1.97569,1.13,1.13
2011.08.24 15:07:58.248,1.97512,1.97568,1.88,1.13
2011.08.24 15:07:59.147,1.97512,1.97568,1.13,1.13
2011.08.24 15:08:00.177,1.97514,1.97569,1.13,1.13
2011.08.24 15:08:00.616,1.97514,1.97573,1.13,1.13
2011.08.24 15:08:00.958,1.97513,1.97571,1.13,1.13
2011.08.24 15:08:01.362,1.97514,1.97569,1.13,1.13
2011.08.24 15:08:02.327,1.97512,1.97563,1.13,1.13
2011.08.24 15:08:06.682,1.97512,1.97563,1.88,1.13
2011.08.24 15:08:07.157,1.97517,1.9757,1.13,1.13
2011.08.24 15:08:07.270,1.97513,1.97563,1.50,1.13
2011.08.24 15:08:07.496,1.97512,1.97563,1.88,1.13
2011.08.24 15:08:09.606,1.97512,1.97563,1.13,1.13
2011.08.24 15:08:29.959,1.97514,1.97573,1.13,1.13
2011.08.24 15:08:34.418,1.97514,1.97573,1.88,1.13
2011.08.24 15:08:34.748,1.97514,1.97573,1.88,1.13
2011.08.24 15:08:36.669,1.97514,1.97573,2.63,1.13
2011.08.24 15:08:36.898,1.97524,1.97575,1.13,1.13
2011.08.24 15:08:38.738,1.97514,1.97573,1.88,1.13
2011.08.24 15:08:39.736,1.97514,1.97573,1.88,1.13
2011.08.24 15:08:40.680,1.97514,1.97573,1.88,1.13
2011.08.24 15:08:41.441,1.97514,1.97573,1.13,1.13
2011.08.24 15:08:41.717,1.97514,1.97573,1.88,1.13
2011.08.24 15:08:42.377,1.97514,1.97573,1.88,1.13
2011.08.24 15:08:42.597,1.97514,1.97573,2.63,1.13
2011.08.24 15:08:43.711,1.97514,1.97573,1.88,1.13
2011.08.24 15:08:44.059,1.97513,1.97568,1.13,1.13
2011.08.24 15:08:44.808,1.97513,1.97574,1.88,1.13
2011.08.24 15:08:46.087,1.97513,1.97574,1.88,1.13
2011.08.24 15:08:47.088,1.97513,1.97574,1.13,1.13
2011.08.24 15:08:49.586,1.97513,1.97572,1.13,1.13
2011.08.24 15:08:51.408,1.97513,1.97574,1.13,1.13
2011.08.24 15:08:51.798,1.97511,1.97564,1.88,1.13
2011.08.24 15:08:52.017,1.97512,1.97567,1.88,1.13
2011.08.24 15:08:52.237,1.97514,1.97573,1.13,1.13
2011.08.24 15:08:52.457,1.97513,1.97566,1.13,1.13
2011.08.24 15:08:53.857,1.9751,1.97563,1.13,1.13
2011.08.24 15:08:54.407,1.97512,1.97563,1.13,1.13
2011.08.24 15:08:54.619,1.97513,1.97566,1.13,1.13
2011.08.24 15:08:57.830,1.97495,1.97542,1.50,1.13
2011.08.24 15:08:57.947,1.9749,1.97542,1.50,1.13
2011.08.24 15:08:58.362,1.97512,1.97567,1.13,1.13
2011.08.24 15:08:58.479,1.97503,1.97554,1.50,1.13
2011.08.24 15:08:58.588,1.97501,1.97554,1.13,1.13
2011.08.24 15:08:58.696,1.97512,1.97567,1.13,1.13
2011.08.24 15:09:00.950,1.97512,1.97563,1.13,1.13
2011.08.24 15:09:01.290,1.97504,1.97555,1.50,1.13
2011.08.24 15:09:01.522,1.97507,1.97561,1.13,1.13
2011.08.24 15:09:01.751,1.97512,1.97563,1.13,1.13
2011.08.24 15:09:02.391,1.97512,1.97567,1.13,1.13
2011.08.24 15:09:02.512,1.97511,1.97564,1.13,1.13
2011.08.24 15:09:03.358,1.97513,1.97566,1.13,1.13
2011.08.24 15:09:03.466,1.97519,1.97573,1.13,1.13
2011.08.24 15:09:03.917,1.97508,1.97557,1.50,1.13
2011.08.24 15:09:04.027,1.97504,1.97557,1.88,1.13
2011.08.24 15:09:04.137,1.97496,1.97535,1.13,1.13
2011.08.24 15:09:04.249,1.97488,1.97535,1.50,1.13
2011.08.24 15:09:04.370,1.97491,1.9753,1.50,1.13
2011.08.24 15:09:04.601,1.97514,1.9756,1.13,1.50
2011.08.24 15:09:04.717,1.97497,1.9756,1.09,1.88
2011.08.24 15:09:05.122,1.97511,1.97564,1.13,1.13
2011.08.24 15:09:05.462,1.97508,1.97562,1.13,1.13
2011.08.24 15:09:06.020,1.97507,1.97561,1.88,1.13
2011.08.24 15:09:06.141,1.97502,1.97557,1.50,1.13
2011.08.24 15:09:06.478,1.975,1.97554,1.88,1.13
2011.08.24 15:09:06.840,1.975,1.97554,1.13,1.13
2011.08.24 15:09:06.958,1.975,1.97551,1.13,1.13
2011.08.24 15:09:07.380,1.97501,1.97551,1.50,1.13
2011.08.24 15:09:07.933,1.97501,1.97556,1.50,1.13
2011.08.24 15:09:08.050,1.975,1.97556,1.88,1.13
2011.08.24 15:09:08.278,1.97502,1.97556,1.50,1.13
2011.08.24 15:09:08.388,1.97505,1.9756,1.88,1.13
2011.08.24 15:09:08.607,1.97507,1.9756,1.50,1.13
2011.08.24 15:09:08.937,1.97505,1.9756,1.88,1.13
2011.08.24 15:09:10.419,1.97507,1.97564,1.13,1.13
2011.08.24 15:09:10.964,1.97505,1.97562,1.88,1.13
2011.08.24 15:09:11.080,1.97506,1.97561,1.50,1.13
2011.08.24 15:09:11.586,1.97505,1.9756,1.88,1.13
2011.08.24 15:09:11.988,1.97513,1.97565,1.13,1.13
2011.08.24 15:09:12.442,1.97506,1.97559,1.88,1.13
2011.08.24 15:09:12.559,1.97505,1.97561,1.13,1.13
2011.08.24 15:09:12.780,1.97487,1.97541,1.50,1.13
2011.08.24 15:09:12.900,1.97516,1.97568,1.13,1.13
2011.08.24 15:09:13.238,1.97564,1.97575,1.13,1.50
2011.08.24 15:09:13.350,1.97564,1.97584,1.13,1.50
2011.08.24 15:09:13.468,1.97529,1.97593,1.50,1.13
2011.08.24 15:09:13.799,1.9753,1.9761,1.50,1.88
2011.08.24 15:09:14.151,1.97523,1.97604,1.88,1.50
2011.08.24 15:09:14.274,1.97523,1.97589,1.50,1.13
2011.08.24 15:09:14.607,1.97523,1.97587,1.50,1.13
2011.08.24 15:09:14.717,1.97523,1.97589,1.50,1.13
2011.08.24 15:09:14.827,1.97519,1.97589,1.88,1.13
2011.08.24 15:09:15.051,1.97522,1.97589,1.50,1.13
2011.08.24 15:09:15.391,1.97529,1.97589,1.50,1.13
2011.08.24 15:09:15.507,1.97529,1.97599,2.63,1.13
2011.08.24 15:09:16.008,1.97532,1.976,1.13,1.13
2011.08.24 15:09:16.446,1.97533,1.97602,1.13,1.50
2011.08.24 15:09:16.776,1.97533,1.97598,1.13,1.50
2011.08.24 15:09:17.240,1.97553,1.97609,1.13,1.50
2011.08.24 15:09:17.481,1.97553,1.97611,1.13,1.88
2011.08.24 15:09:17.708,1.9753,1.976,1.88,1.13
2011.08.24 15:09:17.830,1.97529,1.97591,1.50,1.13
2011.08.24 15:09:18.057,1.97525,1.97592,1.50,1.13
2011.08.24 15:09:18.389,1.97524,1.97592,1.88,1.13
2011.08.24 15:09:18.827,1.97524,1.97592,2.63,1.13
2011.08.24 15:09:19.159,1.97524,1.97592,1.88,1.13
2011.08.24 15:09:19.957,1.97525,1.97592,1.50,1.13
2011.08.24 15:09:20.300,1.97521,1.97592,2.63,1.13
2011.08.24 15:09:20.528,1.97526,1.97592,1.50,1.13
2011.08.24 15:09:21.018,1.97528,1.97592,1.50,1.13
2011.08.24 15:09:21.238,1.97521,1.97592,1.88,1.13
2011.08.24 15:09:21.349,1.97521,1.97592,1.13,1.13
2011.08.24 15:09:21.576,1.97521,1.97592,1.88,1.13
2011.08.24 15:09:22.146,1.97524,1.97592,1.13,1.88
2011.08.24 15:09:22.519,1.97532,1.97593,1.13,1.50
2011.08.24 15:09:22.767,1.97527,1.97596,1.13,1.88
2011.08.24 15:09:23.479,1.97532,1.976,1.13,1.13
2011.08.24 15:09:23.818,1.97538,1.97606,1.13,1.88
2011.08.24 15:09:23.927,1.97531,1.97601,1.13,1.13
2011.08.24 15:09:24.147,1.97527,1.97596,1.13,1.13
2011.08.24 15:09:24.607,1.97527,1.97596,1.13,1.88
2011.08.24 15:09:24.827,1.97527,1.97596,1.13,1.88
2011.08.24 15:09:25.348,1.97527,1.97596,1.88,1.13
2011.08.24 15:09:25.679,1.9753,1.976,1.13,1.88
2011.08.24 15:09:25.800,1.97534,1.97601,1.13,1.50
2011.08.24 15:09:26.141,1.97534,1.97597,1.13,1.50
2011.08.24 15:09:26.257,1.97534,1.976,1.13,1.50
2011.08.24 15:09:26.658,1.97534,1.97596,1.13,1.50
2011.08.24 15:09:27.212,1.97534,1.97593,1.13,1.50
2011.08.24 15:09:27.549,1.97538,1.97609,1.13,1.88
2011.08.24 15:09:27.670,1.97541,1.97608,1.13,1.50
2011.08.24 15:09:27.788,1.97538,1.97608,1.13,1.50
2011.08.24 15:09:27.898,1.97538,1.97602,1.13,1.50
2011.08.24 15:09:28.298,1.97543,1.97608,1.13,1.50
2011.08.24 15:09:28.517,1.97538,1.97605,1.13,1.50
2011.08.24 15:09:28.627,1.97538,1.97604,1.13,2.25
2011.08.24 15:09:28.997,1.97544,1.97602,1.13,1.50
2011.08.24 15:09:29.217,1.97544,1.97611,1.13,1.50
2011.08.24 15:09:29.550,1.97544,1.97608,1.13,1.50
2011.08.24 15:09:29.778,1.97544,1.97611,1.13,1.50
2011.08.24 15:09:29.979,1.97544,1.97611,1.13,1.50
2011.08.24 15:09:30.612,1.97544,1.97602,1.13,1.50
2011.08.24 15:09:30.724,1.97535,1.97602,1.13,1.50
2011.08.24 15:09:30.946,1.97535,1.97598,1.13,1.50
2011.08.24 15:09:31.166,1.97532,1.97598,1.13,1.50
2011.08.24 15:09:31.278,1.97532,1.97596,1.13,1.50
2011.08.24 15:09:31.387,1.97532,1.97599,1.13,1.50
2011.08.24 15:09:31.949,1.97532,1.976,1.13,1.88
2011.08.24 15:09:32.182,1.97532,1.976,1.13,1.88
2011.08.24 15:09:32.300,1.97522,1.97599,1.88,1.88
2011.08.24 15:09:33.338,1.97531,1.97601,1.13,1.88
2011.08.24 15:09:33.777,1.97531,1.97598,1.13,1.50
2011.08.24 15:09:34.426,1.97531,1.97601,1.13,2.63
2011.08.24 15:09:34.538,1.97523,1.97598,1.13,2.63
2011.08.24 15:09:34.912,1.97523,1.97595,1.13,1.50
2011.08.24 15:09:35.249,1.97521,1.9759,1.13,1.13
2011.08.24 15:09:36.116,1.97521,1.9759,1.13,2.63
2011.08.24 15:09:36.448,1.9752,1.97585,1.13,1.50
2011.08.24 15:09:36.667,1.97499,1.97579,1.50,1.50
2011.08.24 15:09:36.779,1.9751,1.97582,1.50,1.13
2011.08.24 15:09:37.116,1.9751,1.97576,1.50,1.13
2011.08.24 15:09:37.228,1.9751,1.97582,2.63,1.13
2011.08.24 15:09:37.337,1.97514,1.9758,1.50,1.13
2011.08.24 15:09:37.716,1.97514,1.97582,1.50,1.13
2011.08.24 15:09:37.943,1.97513,1.97582,1.50,1.13
2011.08.24 15:09:38.958,1.97508,1.97571,1.50,1.13
2011.08.24 15:09:39.068,1.97505,1.97571,1.50,1.13
2011.08.24 15:09:39.289,1.97507,1.97571,1.50,1.13
2011.08.24 15:09:39.407,1.97508,1.97576,1.88,1.13
2011.08.24 15:09:39.516,1.9751,1.97576,1.50,1.13
2011.08.24 15:09:40.259,1.97509,1.97576,1.50,1.13
2011.08.24 15:09:40.807,1.97508,1.97576,2.63,1.13
2011.08.24 15:09:44.858,1.97507,1.97575,1.13,1.13
2011.08.24 15:09:45.736,1.97508,1.97576,1.13,1.88
2011.08.24 15:09:46.279,1.97519,1.97584,1.13,1.50
2011.08.24 15:09:47.131,1.97519,1.97581,1.13,1.50
2011.08.24 15:09:47.345,1.97519,1.97581,1.13,1.50
2011.08.24 15:09:47.891,1.97519,1.97584,1.13,1.50
2011.08.24 15:09:48.116,1.97519,1.97583,1.13,1.50
2011.08.24 15:09:49.447,1.97519,1.9758,1.13,1.50
2011.08.24 15:09:50.332,1.9752,1.9758,1.13,1.50
2011.08.24 15:09:50.858,1.97521,1.97586,1.13,2.25
2011.08.24 15:09:51.772,1.97521,1.97584,1.13,1.50
2011.08.24 15:09:52.169,1.97521,1.97584,1.13,1.50
2011.08.24 15:09:52.398,1.97521,1.97584,1.13,1.50
2011.08.24 15:09:52.607,1.97521,1.97584,1.13,1.50
2011.08.24 15:09:53.317,1.97521,1.97584,1.13,1.50
2011.08.24 15:09:54.084,1.97521,1.97582,1.13,1.50
2011.08.24 15:09:55.512,1.97521,1.97584,1.13,1.50
2011.08.24 15:09:56.117,1.97521,1.97582,1.13,1.50
2011.08.24 15:09:56.227,1.97519,1.97585,1.13,2.25
2011.08.24 15:09:56.337,1.97521,1.97584,1.13,1.50
2011.08.24 15:09:56.567,1.97521,1.97585,1.13,1.50
2011.08.24 15:09:58.159,1.97521,1.97582,1.13,1.50
2011.08.24 15:09:59.388,1.97521,1.9758,1.13,1.50
2011.08.24 15:09:59.525,1.97521,1.9758,1.13,1.50
2011.08.24 15:10:00.408,1.97521,1.97584,1.13,2.25
2011.08.24 15:10:00.777,1.97514,1.97581,1.13,1.50
2011.08.24 15:10:01.119,1.97514,1.97566,1.13,1.50
2011.08.24 15:10:01.228,1.9751,1.97562,1.13,1.13
2011.08.24 15:10:02.546,1.97516,1.97568,1.13,1.13
2011.08.24 15:10:03.561,1.97516,1.97568,1.13,1.88
2011.08.24 15:10:03.682,1.97516,1.97568,1.13,1.13
2011.08.24 15:10:03.909,1.9752,1.97572,1.13,1.13
2011.08.24 15:10:04.141,1.97504,1.97557,1.13,1.13
2011.08.24 15:10:04.258,1.97517,1.97568,1.13,1.13
2011.08.24 15:10:04.477,1.97507,1.97566,1.13,1.13
2011.08.24 15:10:06.280,1.97506,1.97558,1.13,1.13
2011.08.24 15:10:06.820,1.97505,1.97558,1.13,1.13
2011.08.24 15:10:08.747,1.97505,1.97556,1.13,1.13
2011.08.24 15:10:11.839,1.97499,1.9755,1.13,1.13
2011.08.24 15:10:12.378,1.97505,1.97556,1.13,1.13
2011.08.24 15:10:15.063,1.97506,1.97557,1.13,1.13
2011.08.24 15:10:15.597,1.97504,1.97557,1.13,1.13
2011.08.24 15:10:15.707,1.97506,1.97557,1.13,1.13
2011.08.24 15:10:17.626,1.97506,1.97558,1.13,1.13
2011.08.24 15:10:21.998,1.97505,1.97556,1.13,1.13
2011.08.24 15:10:27.197,1.97479,1.97542,1.09,1.13
2011.08.24 15:10:27.306,1.97492,1.97545,1.13,1.13
2011.08.24 15:10:28.598,1.97495,1.97547,1.13,1.88
2011.08.24 15:10:28.712,1.97495,1.97547,1.13,1.13
2011.08.24 15:10:28.830,1.97501,1.97553,1.13,2.25
2011.08.24 15:10:29.351,1.97471,1.97542,1.88,1.13
2011.08.24 15:10:29.698,1.97467,1.97537,1.13,1.88
2011.08.24 15:10:29.919,1.97468,1.97535,1.13,1.50
2011.08.24 15:10:30.271,1.97472,1.97535,1.13,1.50
2011.08.24 15:10:30.644,1.97463,1.97537,1.13,1.50
2011.08.24 15:10:30.759,1.97463,1.97529,1.13,1.50
2011.08.24 15:10:30.877,1.97463,1.97534,1.13,1.50
2011.08.24 15:10:31.097,1.97463,1.97531,1.13,1.50
2011.08.24 15:10:31.660,1.97463,1.97531,1.13,1.50
2011.08.24 15:10:32.207,1.97463,1.97538,2.63,1.13
2011.08.24 15:10:32.319,1.97482,1.97541,1.13,1.50
2011.08.24 15:10:32.653,1.97482,1.97543,1.13,1.88
2011.08.24 15:10:32.770,1.97482,1.97543,1.13,1.13
2011.08.24 15:10:33.217,1.97492,1.97545,1.13,1.88
2011.08.24 15:10:33.438,1.97482,1.97543,1.13,1.13
2011.08.24 15:10:33.990,1.97482,1.97543,1.13,1.88
2011.08.24 15:10:34.108,1.97485,1.97543,1.13,2.63
2011.08.24 15:10:34.437,1.97482,1.97543,1.13,2.63
2011.08.24 15:10:34.769,1.97482,1.97543,1.13,1.88
2011.08.24 15:10:34.889,1.97492,1.97544,1.13,1.50
2011.08.24 15:10:35.826,1.97492,1.97545,1.13,1.88
2011.08.24 15:10:35.937,1.97474,1.97541,1.50,1.13
2011.08.24 15:10:36.158,1.97472,1.97541,1.88,1.88
2011.08.24 15:10:36.487,1.97493,1.97544,1.13,1.88
2011.08.24 15:10:36.818,1.97449,1.97498,1.50,1.13
2011.08.24 15:10:37.288,1.97444,1.97498,1.13,1.13
2011.08.24 15:10:37.916,1.97445,1.97498,1.50,1.13
2011.08.24 15:10:38.136,1.97444,1.97498,1.88,1.13
2011.08.24 15:10:38.407,1.97459,1.97498,1.50,1.13
2011.08.24 15:10:38.626,1.97481,1.97532,1.13,1.13
2011.08.24 15:10:39.000,1.97472,1.97541,1.13,1.13
2011.08.24 15:10:39.118,1.97473,1.97541,1.50,1.88
2011.08.24 15:10:39.450,1.97492,1.97544,1.13,1.50
2011.08.24 15:10:39.676,1.97471,1.97542,1.88,1.13
2011.08.24 15:10:39.898,1.97471,1.97542,1.88,1.88
2011.08.24 15:10:40.448,1.97471,1.97536,1.13,1.50
2011.08.24 15:10:40.557,1.97478,1.97545,1.13,1.50
2011.08.24 15:10:42.418,1.97478,1.97542,1.13,1.50
2011.08.24 15:10:42.749,1.97469,1.97524,1.88,1.13
2011.08.24 15:10:43.307,1.97471,1.97531,1.13,1.13
2011.08.24 15:10:50.080,1.9748,1.97534,1.13,1.13
2011.08.24 15:10:50.514,1.97482,1.97534,1.13,1.13
2011.08.24 15:10:50.741,1.97471,1.97531,1.88,1.13
2011.08.24 15:10:50.969,1.97482,1.97534,1.13,1.13
2011.08.24 15:10:51.188,1.97472,1.9753,1.13,1.13
2011.08.24 15:10:51.519,1.97472,1.97532,1.13,1.13
2011.08.24 15:10:51.747,1.97472,1.9753,1.13,1.13
2011.08.24 15:10:51.970,1.97471,1.97533,1.13,1.13
2011.08.24 15:10:53.819,1.97472,1.97529,1.13,1.13
2011.08.24 15:10:54.158,1.97463,1.97511,1.09,1.13
2011.08.24 15:10:54.271,1.97456,1.97511,1.50,1.13
2011.08.24 15:10:54.693,1.97435,1.97511,1.50,1.88
2011.08.24 15:10:54.815,1.9744,1.97515,1.88,1.88
2011.08.24 15:10:55.223,1.97443,1.97512,1.50,1.13
2011.08.24 15:10:55.338,1.97441,1.97512,1.50,1.13
2011.08.24 15:10:57.038,1.97446,1.97512,1.50,1.13
2011.08.24 15:10:57.367,1.97456,1.9751,1.13,1.13
2011.08.24 15:10:57.588,1.97459,1.97515,1.13,1.13
2011.08.24 15:10:58.667,1.97462,1.97515,1.50,1.13
2011.08.24 15:10:58.781,1.97472,1.97537,1.13,1.13
2011.08.24 15:10:59.012,1.97471,1.97531,1.13,1.13
2011.08.24 15:10:59.348,1.97474,1.97536,1.13,1.50
2011.08.24 15:10:59.459,1.97474,1.9754,1.13,1.50
2011.08.24 15:10:59.797,1.97474,1.97543,1.13,1.50
2011.08.24 15:10:59.907,1.97474,1.97546,1.88,1.88
2011.08.24 15:11:00.347,1.97478,1.97546,1.50,1.13
2011.08.24 15:11:00.456,1.97473,1.97546,1.88,1.13
2011.08.24 15:11:00.738,1.97477,1.97546,1.50,1.13
2011.08.24 15:11:01.180,1.97476,1.97547,1.50,1.13
2011.08.24 15:11:01.952,1.97476,1.9755,1.50,1.13
2011.08.24 15:11:02.511,1.97478,1.9755,1.50,1.13
2011.08.24 15:11:02.948,1.97481,1.9755,1.50,1.88
2011.08.24 15:11:03.379,1.97478,1.9755,1.50,1.88
2011.08.24 15:11:03.497,1.97476,1.9755,1.50,1.88
2011.08.24 15:11:03.939,1.97478,1.9755,1.50,1.88
2011.08.24 15:11:04.167,1.97475,1.9755,2.63,1.88
2011.08.24 15:11:04.747,1.97475,1.9755,2.63,1.13
2011.08.24 15:11:05.369,1.97478,1.9755,1.50,1.13
2011.08.24 15:11:05.486,1.97479,1.9755,1.50,1.13
2011.08.24 15:11:05.912,1.97482,1.97547,1.50,1.13
2011.08.24 15:11:06.249,1.97486,1.97547,1.50,1.13
2011.08.24 15:11:06.477,1.97492,1.9757,1.50,1.50
2011.08.24 15:11:06.589,1.97494,1.9758,1.50,3.00
2011.08.24 15:11:07.435,1.97495,1.97567,1.50,1.13
2011.08.24 15:11:07.560,1.97498,1.97567,1.50,1.13
2011.08.24 15:11:08.306,1.97498,1.97567,1.50,1.13
2011.08.24 15:11:09.399,1.97498,1.97569,1.50,1.13
2011.08.24 15:11:09.919,1.97497,1.97569,1.50,1.88
2011.08.24 15:11:10.929,1.9749,1.97569,1.50,2.63
2011.08.24 15:11:11.378,1.97493,1.97569,1.50,1.88
2011.08.24 15:11:11.596,1.97488,1.97567,1.50,1.88
2011.08.24 15:11:15.506,1.97488,1.97568,1.50,1.50
2011.08.24 15:11:15.917,1.97493,1.97569,1.50,1.88
2011.08.24 15:11:16.356,1.97493,1.97567,1.50,1.13
2011.08.24 15:11:16.748,1.9749,1.97568,1.50,1.50
2011.08.24 15:11:17.076,1.97492,1.97561,1.50,1.13
2011.08.24 15:11:17.296,1.97489,1.97561,1.50,1.13
2011.08.24 15:11:18.015,1.97491,1.97561,1.50,1.13
2011.08.24 15:11:18.560,1.97491,1.9756,1.50,1.13
2011.08.24 15:11:18.788,1.97489,1.97561,1.50,1.13
2011.08.24 15:11:19.377,1.97489,1.97561,1.50,1.13
2011.08.24 15:11:19.816,1.97491,1.97567,1.50,1.13
2011.08.24 15:11:21.118,1.97488,1.97566,1.50,1.50
2011.08.24 15:11:21.229,1.97489,1.97569,1.50,1.50
2011.08.24 15:11:21.796,1.97486,1.97569,1.50,1.50
2011.08.24 15:11:22.138,1.97488,1.9755,1.50,1.13
2011.08.24 15:11:22.248,1.97483,1.9755,1.50,1.13
2011.08.24 15:11:22.357,1.9748,1.9756,1.50,1.50
2011.08.24 15:11:22.708,1.9748,1.97551,1.50,1.13
2011.08.24 15:11:23.148,1.97479,1.97551,1.50,1.13
2011.08.24 15:11:23.606,1.97479,1.97551,1.50,1.13
2011.08.24 15:11:23.938,1.97477,1.97551,1.50,1.13
2011.08.24 15:11:24.049,1.97477,1.97551,1.50,1.88
2011.08.24 15:11:24.948,1.97478,1.97551,1.50,1.13
2011.08.24 15:11:26.067,1.97478,1.97547,1.50,1.13
2011.08.24 15:11:27.097,1.97474,1.97541,1.50,1.13
2011.08.24 15:11:27.206,1.97474,1.97541,1.50,1.13
2011.08.24 15:11:27.540,1.97472,1.97534,1.50,1.13
2011.08.24 15:11:27.768,1.97477,1.97557,1.50,1.50
2011.08.24 15:11:28.312,1.97486,1.97558,1.50,1.13
2011.08.24 15:11:29.007,1.97491,1.97558,1.50,1.13
2011.08.24 15:11:29.340,1.9749,1.97558,1.50,1.13
2011.08.24 15:11:29.459,1.9749,1.97558,1.50,1.13
2011.08.24 15:11:29.591,1.9749,1.97556,1.50,1.13
2011.08.24 15:11:30.908,1.9749,1.97558,1.50,1.13
2011.08.24 15:11:31.428,1.9749,1.97554,1.50,1.13
2011.08.24 15:11:32.086,1.9749,1.97558,1.50,1.13
2011.08.24 15:11:32.196,1.97487,1.97558,1.50,1.13
2011.08.24 15:11:32.696,1.9749,1.97558,1.50,1.13
2011.08.24 15:11:33.789,1.97488,1.97558,1.50,1.13
2011.08.24 15:11:34.960,1.97488,1.97558,1.50,1.13
2011.08.24 15:11:35.408,1.9749,1.9756,1.50,1.13
2011.08.24 15:11:36.791,1.9749,1.97559,1.50,1.13
2011.08.24 15:11:37.307,1.97484,1.97559,1.50,1.13
2011.08.24 15:11:37.689,1.97487,1.97559,1.13,1.13
2011.08.24 15:11:38.017,1.97506,1.97567,1.13,1.13
2011.08.24 15:11:38.977,1.97495,1.97562,1.50,1.13
2011.08.24 15:11:39.088,1.9749,1.97562,1.50,1.13
2011.08.24 15:11:39.306,1.97494,1.97562,1.50,1.13
2011.08.24 15:11:39.656,1.97506,1.97567,1.13,1.13
2011.08.24 15:11:40.669,1.97495,1.97554,1.13,1.13
2011.08.24 15:11:41.550,1.97496,1.97554,1.50,1.13
2011.08.24 15:11:41.670,1.97507,1.97566,1.13,1.13
2011.08.24 15:11:42.530,1.97508,1.97565,1.13,1.13
2011.08.24 15:11:43.052,1.97507,1.97564,1.13,1.13
2011.08.24 15:11:43.703,1.97513,1.97571,1.13,1.50
2011.08.24 15:11:43.824,1.97516,1.97586,1.50,1.13
2011.08.24 15:11:43.938,1.97513,1.97577,1.50,1.13
2011.08.24 15:11:44.599,1.97513,1.97577,1.50,1.47
2011.08.24 15:11:44.709,1.97507,1.97571,1.88,1.09
2011.08.24 15:11:44.818,1.97507,1.97569,1.13,1.09
2011.08.24 15:11:44.931,1.97493,1.97569,1.50,1.09
2011.08.24 15:11:45.049,1.97483,1.9756,1.13,1.88
2011.08.24 15:11:45.390,1.97462,1.97529,1.50,1.13
2011.08.24 15:11:45.511,1.9746,1.97538,1.50,1.50
2011.08.24 15:11:45.628,1.97448,1.97528,1.50,1.50
2011.08.24 15:11:46.100,1.9745,1.9753,1.50,1.50
2011.08.24 15:11:46.438,1.97464,1.97533,1.13,2.63
2011.08.24 15:11:46.770,1.97478,1.97531,1.13,1.13
2011.08.24 15:11:50.768,1.97472,1.97525,1.13,1.13
2011.08.24 15:11:51.267,1.97475,1.9754,1.13,1.50
2011.08.24 15:11:51.597,1.97475,1.97545,2.63,1.13
2011.08.24 15:11:51.707,1.97475,1.97545,2.63,1.13
2011.08.24 15:11:52.244,1.97475,1.97545,2.63,1.13
2011.08.24 15:11:52.582,1.97468,1.97536,1.50,1.13
2011.08.24 15:11:52.809,1.97465,1.97536,1.50,1.13
2011.08.24 15:11:52.928,1.97464,1.97535,1.50,1.13
2011.08.24 15:11:53.147,1.9746,1.97535,1.50,1.88
2011.08.24 15:11:53.258,1.97458,1.97535,1.50,1.88
2011.08.24 15:11:53.367,1.97458,1.97535,1.50,1.88
2011.08.24 15:11:53.697,1.97459,1.97535,1.50,1.88
2011.08.24 15:11:53.919,1.97462,1.97535,1.50,1.13
2011.08.24 15:11:54.350,1.97462,1.97535,1.50,1.88
2011.08.24 15:11:54.467,1.97458,1.97535,1.50,1.88
2011.08.24 15:11:55.047,1.97447,1.97512,1.50,1.13
2011.08.24 15:11:55.172,1.97441,1.97512,1.50,1.13
2011.08.24 15:11:55.289,1.97449,1.97515,1.50,1.13
2011.08.24 15:11:55.645,1.97451,1.97515,1.50,1.13
2011.08.24 15:11:55.758,1.97451,1.97521,1.50,1.13
2011.08.24 15:11:56.090,1.97447,1.97522,2.63,1.13
2011.08.24 15:11:56.208,1.9745,1.97522,1.50,1.13
2011.08.24 15:11:56.618,1.97453,1.97522,1.50,1.13
2011.08.24 15:11:56.958,1.97453,1.97522,1.50,1.13
2011.08.24 15:11:57.070,1.97453,1.97525,1.50,1.88
2011.08.24 15:11:57.410,1.97454,1.97525,1.50,1.13
2011.08.24 15:11:57.530,1.97454,1.97525,1.50,1.13
2011.08.24 15:11:58.260,1.97456,1.97525,1.50,1.13
2011.08.24 15:12:00.428,1.97453,1.97525,1.50,1.13
2011.08.24 15:12:00.538,1.97453,1.97514,1.50,1.13
2011.08.24 15:12:00.980,1.97454,1.97525,1.50,1.13
2011.08.24 15:12:01.097,1.97454,1.97514,1.50,1.13
2011.08.24 15:12:01.427,1.97454,1.97525,1.50,1.13
2011.08.24 15:12:01.657,1.97458,1.97525,1.50,1.13
2011.08.24 15:12:02.419,1.97455,1.97525,1.50,1.13
2011.08.24 15:12:02.543,1.97453,1.97509,1.50,1.13
2011.08.24 15:12:02.773,1.97451,1.97509,1.50,1.13
2011.08.24 15:12:02.890,1.97452,1.97524,1.50,1.13
2011.08.24 15:12:03.386,1.97452,1.97524,1.50,1.13
2011.08.24 15:12:03.607,1.97452,1.97524,1.50,1.13
2011.08.24 15:12:04.048,1.97458,1.97524,1.50,1.13
2011.08.24 15:12:04.379,1.97477,1.97531,1.13,1.13
2011.08.24 15:12:04.719,1.97467,1.97526,1.50,1.13
2011.08.24 15:12:05.149,1.97465,1.97526,1.50,1.13
2011.08.24 15:12:05.260,1.97458,1.97526,2.63,1.13
2011.08.24 15:12:05.487,1.97458,1.97526,2.63,1.13
2011.08.24 15:12:05.710,1.97465,1.97537,1.50,1.13
2011.08.24 15:12:06.471,1.97466,1.97537,1.50,1.13
2011.08.24 15:12:06.587,1.97466,1.97537,1.50,1.13
2011.08.24 15:12:06.973,1.97467,1.97537,1.50,1.13
2011.08.24 15:12:07.411,1.97464,1.97537,1.50,1.13
2011.08.24 15:12:07.739,1.97466,1.97537,1.88,1.13
2011.08.24 15:12:08.169,1.97471,1.97537,1.50,1.13
2011.08.24 15:12:08.290,1.97468,1.97537,1.50,1.13
2011.08.24 15:12:08.726,1.97471,1.97538,1.50,1.13
2011.08.24 15:12:09.060,1.97484,1.97537,1.13,1.13
2011.08.24 15:12:09.617,1.97476,1.97529,1.13,1.13
2011.08.24 15:12:10.229,1.97468,1.97529,1.13,1.13
2011.08.24 15:12:10.337,1.97479,1.9753,1.13,1.13
2011.08.24 15:12:11.562,1.97476,1.9753,1.13,1.13
2011.08.24 15:12:11.913,1.97473,1.97524,1.13,1.13
2011.08.24 15:12:12.029,1.97476,1.9753,1.13,1.13
2011.08.24 15:12:12.588,1.97478,1.97531,1.13,1.13
2011.08.24 15:12:13.718,1.97478,1.97531,1.88,1.13
2011.08.24 15:12:13.939,1.97493,1.97552,1.13,1.88
2011.08.24 15:12:14.277,1.9749,1.97543,1.13,1.13
2011.08.24 15:12:14.497,1.97493,1.97552,1.13,1.13
2011.08.24 15:12:15.284,1.97502,1.97555,1.13,1.13
2011.08.24 15:12:15.840,1.97515,1.97566,1.13,1.13
2011.08.24 15:12:16.071,1.97493,1.9756,1.50,1.13
2011.08.24 15:12:16.189,1.97487,1.9756,1.50,1.13
2011.08.24 15:12:16.407,1.97494,1.9756,1.13,1.50
2011.08.24 15:12:16.979,1.97494,1.97563,1.13,2.63
2011.08.24 15:12:17.432,1.97494,1.97563,1.13,2.63
2011.08.24 15:12:18.003,1.97491,1.97559,1.13,1.50
2011.08.24 15:12:18.412,1.97491,1.97557,1.13,1.50
2011.08.24 15:12:18.534,1.97493,1.97564,1.13,2.63
2011.08.24 15:12:19.537,1.97493,1.97564,1.88,1.13
2011.08.24 15:12:19.870,1.97498,1.97564,1.50,1.13
2011.08.24 15:12:20.097,1.97495,1.97564,1.50,1.13
2011.08.24 15:12:20.478,1.97501,1.97564,1.50,1.13
2011.08.24 15:12:21.347,1.97501,1.9756,1.50,1.13
2011.08.24 15:12:21.822,1.97496,1.9756,1.50,1.13
2011.08.24 15:12:22.928,1.97496,1.9756,1.50,1.13
2011.08.24 15:12:23.470,1.97493,1.9756,1.50,1.13
2011.08.24 15:12:24.988,1.97496,1.97563,1.50,1.13
2011.08.24 15:12:25.318,1.97496,1.97558,1.50,1.13
2011.08.24 15:12:25.428,1.9749,1.97558,1.50,1.13
2011.08.24 15:12:25.650,1.975,1.97569,1.13,1.13
2011.08.24 15:12:25.769,1.97504,1.97572,1.13,1.88
2011.08.24 15:12:25.887,1.97504,1.97572,1.13,1.88
2011.08.24 15:12:26.441,1.97506,1.97576,1.13,1.88
2011.08.24 15:12:26.877,1.97502,1.9757,1.88,1.13
2011.08.24 15:12:26.994,1.97507,1.97572,1.50,1.13
2011.08.24 15:12:27.217,1.97505,1.97574,2.63,1.13
2011.08.24 15:12:27.327,1.97509,1.97574,1.50,1.13
2011.08.24 15:12:29.269,1.97509,1.97574,1.50,1.13
2011.08.24 15:12:29.379,1.97506,1.97576,2.63,1.13
2011.08.24 15:12:29.787,1.97506,1.97576,1.88,1.13
2011.08.24 15:12:30.579,1.97506,1.97576,1.88,1.88
2011.08.24 15:12:30.917,1.97494,1.97558,1.50,1.13
2011.08.24 15:12:31.139,1.97499,1.97571,1.50,1.13
2011.08.24 15:12:31.258,1.97499,1.97573,1.50,1.13
2011.08.24 15:12:31.368,1.97503,1.97573,1.50,1.13
2011.08.24 15:12:31.478,1.97507,1.97577,1.88,1.13
2011.08.24 15:12:31.588,1.97503,1.97574,1.50,1.13
2011.08.24 15:12:32.499,1.97501,1.97574,1.50,1.13
2011.08.24 15:12:32.840,1.97509,1.97583,1.13,1.50
2011.08.24 15:12:32.959,1.97509,1.97583,1.13,1.50
2011.08.24 15:12:33.068,1.97509,1.97585,1.88,1.88
2011.08.24 15:12:33.671,1.97511,1.97586,1.13,1.88
2011.08.24 15:12:33.790,1.97511,1.97586,1.88,1.88
2011.08.24 15:12:34.019,1.97511,1.97584,1.50,1.88
2011.08.24 15:12:34.637,1.97509,1.97583,1.88,1.13
2011.08.24 15:12:34.752,1.9751,1.97586,1.50,1.88
2011.08.24 15:12:34.870,1.9751,1.97586,1.50,1.13
2011.08.24 15:12:35.209,1.97513,1.97586,1.50,1.13
2011.08.24 15:12:35.320,1.97509,1.97585,1.50,1.88
2011.08.24 15:12:36.118,1.97509,1.97585,1.50,1.88
2011.08.24 15:12:36.448,1.97512,1.97585,1.50,1.13
2011.08.24 15:12:36.939,1.97512,1.97587,1.50,1.13
2011.08.24 15:12:37.761,1.97512,1.97586,1.88,1.13
2011.08.24 15:12:37.877,1.97512,1.97586,1.88,1.88
2011.08.24 15:12:39.078,1.97514,1.97587,1.50,1.88
2011.08.24 15:12:39.517,1.97522,1.97596,1.88,1.50
2011.08.24 15:12:39.631,1.97522,1.97598,1.88,1.88
2011.08.24 15:12:40.088,1.97519,1.97587,2.63,1.13
2011.08.24 15:12:40.199,1.97519,1.97587,1.13,1.13
2011.08.24 15:12:40.828,1.9752,1.97588,1.13,1.88
2011.08.24 15:12:40.939,1.9752,1.97588,1.13,1.13
2011.08.24 15:12:42.045,1.97519,1.97587,1.13,1.13
2011.08.24 15:12:42.269,1.97509,1.97585,2.63,1.88
2011.08.24 15:12:42.391,1.97513,1.97586,1.50,1.13
2011.08.24 15:12:42.947,1.97511,1.97586,2.63,1.88
2011.08.24 15:12:43.498,1.97514,1.97586,1.50,1.13
2011.08.24 15:12:43.718,1.97511,1.97586,1.88,1.13
2011.08.24 15:12:44.156,1.97519,1.97589,1.13,1.88
2011.08.24 15:12:44.267,1.97519,1.97589,1.13,1.13
2011.08.24 15:12:45.880,1.97521,1.97591,1.13,1.50
2011.08.24 15:12:46.111,1.97521,1.97595,1.13,1.50
2011.08.24 15:12:46.230,1.9752,1.97588,1.13,1.13
2011.08.24 15:12:46.987,1.97514,1.97592,2.63,1.50
2011.08.24 15:12:47.829,1.97514,1.97588,1.13,1.50
2011.08.24 15:12:47.948,1.97512,1.97586,1.88,1.88
2011.08.24 15:12:48.058,1.97509,1.97586,1.88,2.63
2011.08.24 15:12:48.277,1.97509,1.97586,2.63,1.88
2011.08.24 15:12:48.627,1.97509,1.97583,1.13,1.50
2011.08.24 15:12:48.743,1.97509,1.97583,1.88,1.50
2011.08.24 15:12:49.626,1.97509,1.97585,1.13,1.50
2011.08.24 15:12:50.397,1.97509,1.97586,1.88,1.88
2011.08.24 15:12:50.508,1.97509,1.97583,1.13,1.50
2011.08.24 15:12:52.849,1.97509,1.9758,1.13,1.88
2011.08.24 15:12:53.069,1.97499,1.97574,1.50,1.13
2011.08.24 15:12:53.178,1.97499,1.97574,1.50,1.88
2011.08.24 15:12:54.128,1.97497,1.97574,1.88,1.88
2011.08.24 15:12:54.564,1.97498,1.97574,1.50,1.88
2011.08.24 15:12:55.008,1.97497,1.97574,1.88,1.13
2011.08.24 15:12:55.339,1.97498,1.97569,1.50,1.13
2011.08.24 15:12:55.458,1.97496,1.97569,2.63,1.13
2011.08.24 15:12:55.567,1.97496,1.97568,1.13,1.50
2011.08.24 15:12:56.191,1.97496,1.97564,1.13,1.13
2011.08.24 15:12:57.280,1.97496,1.97564,1.13,1.88
2011.08.24 15:12:58.413,1.97496,1.97564,1.13,1.13
2011.08.24 15:12:58.747,1.97496,1.97564,1.13,2.63
2011.08.24 15:13:00.065,1.97496,1.97564,1.13,2.63
2011.08.24 15:13:00.460,1.97496,1.97563,1.13,1.50
2011.08.24 15:13:00.577,1.97498,1.97563,1.13,1.50
2011.08.24 15:13:01.429,1.97495,1.97563,1.13,1.50
2011.08.24 15:13:03.287,1.97495,1.97563,1.13,1.50
2011.08.24 15:13:04.440,1.97495,1.97565,1.13,1.88
2011.08.24 15:13:05.460,1.97495,1.97565,1.13,2.63
2011.08.24 15:13:05.576,1.97495,1.97565,1.13,1.88
2011.08.24 15:13:06.206,1.97495,1.9756,1.13,1.50
2011.08.24 15:13:06.539,1.97502,1.97555,1.13,1.50
2011.08.24 15:13:06.984,1.97475,1.97528,1.13,1.13
2011.08.24 15:13:09.638,1.97485,1.97542,1.13,1.13
2011.08.24 15:13:09.749,1.97491,1.97542,1.13,1.13
2011.08.24 15:13:10.383,1.97478,1.9753,1.13,1.13
2011.08.24 15:13:10.498,1.97484,1.97536,1.13,1.13
2011.08.24 15:13:10.721,1.97484,1.97538,1.13,1.13
2011.08.24 15:13:10.841,1.9749,1.97544,1.13,1.13
2011.08.24 15:13:11.066,1.97481,1.97541,1.13,1.13
2011.08.24 15:13:11.287,1.97491,1.97543,1.13,1.13
2011.08.24 15:13:11.980,1.97482,1.9754,1.13,1.13
2011.08.24 15:13:14.138,1.97479,1.97531,1.13,1.13
2011.08.24 15:13:16.896,1.97472,1.97526,1.13,1.13
2011.08.24 15:13:17.007,1.97478,1.97532,1.13,1.13
2011.08.24 15:13:19.240,1.97466,1.9752,1.13,1.13
2011.08.24 15:13:19.469,1.97459,1.97516,1.13,1.13
2011.08.24 15:13:19.588,1.97456,1.97508,1.13,1.13
2011.08.24 15:13:20.159,1.97454,1.97508,1.13,1.13
2011.08.24 15:13:21.456,1.97454,1.97508,1.88,1.13
2011.08.24 15:13:22.470,1.97454,1.97508,1.13,1.13
2011.08.24 15:13:23.028,1.97461,1.97513,1.13,1.13
2011.08.24 15:13:23.250,1.97454,1.97508,1.13,1.13
2011.08.24 15:13:25.990,1.97449,1.97501,1.13,1.13
2011.08.24 15:13:26.218,1.97454,1.97508,1.13,1.13
2011.08.24 15:13:28.700,1.97448,1.97502,1.13,1.13
2011.08.24 15:13:29.037,1.97443,1.97495,1.13,1.13
2011.08.24 15:13:30.847,1.97441,1.97494,1.13,1.13
2011.08.24 15:13:32.198,1.97434,1.97492,1.13,1.13
2011.08.24 15:13:32.839,1.97429,1.97481,1.88,1.13
2011.08.24 15:13:33.387,1.97427,1.97482,1.88,1.13
2011.08.24 15:13:33.607,1.97422,1.9748,1.88,1.13
2011.08.24 15:13:34.047,1.97425,1.97487,1.13,1.50
2011.08.24 15:13:34.267,1.97425,1.97491,1.13,1.50
2011.08.24 15:13:34.377,1.97428,1.97491,1.13,1.50
2011.08.24 15:13:34.489,1.97428,1.97505,1.88,1.50
2011.08.24 15:13:34.609,1.97449,1.97509,1.13,1.50
2011.08.24 15:13:34.838,1.97449,1.97513,1.13,1.50
2011.08.24 15:13:35.171,1.9744,1.97518,1.50,1.50
2011.08.24 15:13:35.598,1.97443,1.97512,1.13,1.50
2011.08.24 15:13:35.715,1.97429,1.97501,1.88,1.13
2011.08.24 15:13:36.958,1.97424,1.97501,2.63,1.88
2011.08.24 15:13:37.131,1.97427,1.97501,1.50,1.88
2011.08.24 15:13:37.604,1.97435,1.97501,1.50,1.13
2011.08.24 15:13:37.938,1.97428,1.97485,1.50,1.13
2011.08.24 15:13:38.049,1.97428,1.9749,1.50,1.13
2011.08.24 15:13:38.269,1.97429,1.97497,1.50,1.13
2011.08.24 15:13:38.378,1.97432,1.97497,1.50,1.13
2011.08.24 15:13:38.891,1.97432,1.97497,1.50,1.13
2011.08.24 15:13:39.012,1.97425,1.97491,1.50,1.13
2011.08.24 15:13:39.587,1.97429,1.97491,1.50,1.13
2011.08.24 15:13:39.917,1.97431,1.97512,1.50,1.88
2011.08.24 15:13:40.028,1.97431,1.97512,1.50,1.88
2011.08.24 15:13:40.250,1.97441,1.97512,1.50,1.13
2011.08.24 15:13:40.584,1.97439,1.97512,1.50,1.88
2011.08.24 15:13:40.698,1.97435,1.97512,1.50,1.88
2011.08.24 15:13:41.050,1.97433,1.9749,1.50,1.13
2011.08.24 15:13:41.356,1.97429,1.9749,1.50,1.13
2011.08.24 15:13:41.798,1.97426,1.9749,1.50,1.13
2011.08.24 15:13:42.342,1.9743,1.9749,1.50,1.13
2011.08.24 15:13:42.672,1.97433,1.9749,1.50,1.13
2011.08.24 15:13:43.000,1.97434,1.9749,1.50,1.13
2011.08.24 15:13:43.117,1.97434,1.9749,1.50,1.13
2011.08.24 15:13:43.227,1.97437,1.9749,1.50,1.13
2011.08.24 15:13:43.446,1.97434,1.9749,1.50,1.13
2011.08.24 15:13:44.099,1.97434,1.9749,1.50,1.13
2011.08.24 15:13:44.217,1.97435,1.9749,1.50,1.13
2011.08.24 15:13:44.497,1.97428,1.9749,1.50,1.13
2011.08.24 15:13:44.867,1.97425,1.9749,1.50,1.13
2011.08.24 15:13:44.979,1.97427,1.9749,1.50,1.13
2011.08.24 15:13:46.167,1.97429,1.9749,1.50,1.13
2011.08.24 15:13:47.786,1.97427,1.9749,1.50,1.13
2011.08.24 15:13:50.190,1.97429,1.9749,1.50,1.13
2011.08.24 15:13:50.307,1.9743,1.9749,1.50,1.13
2011.08.24 15:13:51.318,1.97434,1.9749,1.50,1.13
2011.08.24 15:13:53.267,1.97434,1.9749,1.50,1.13
2011.08.24 15:13:53.380,1.97427,1.97495,2.63,1.13
2011.08.24 15:13:53.844,1.97434,1.97497,1.50,1.13
2011.08.24 15:13:53.958,1.97439,1.97504,1.50,1.13
2011.08.24 15:13:54.531,1.97436,1.97511,1.88,1.50
2011.08.24 15:13:54.650,1.97436,1.97508,1.13,1.50
2011.08.24 15:13:54.770,1.97436,1.97508,1.88,1.50
2011.08.24 15:13:55.106,1.97439,1.97512,2.63,1.88
2011.08.24 15:13:55.218,1.97446,1.97515,1.13,2.63
2011.08.24 15:13:55.547,1.97442,1.97512,1.50,1.88
2011.08.24 15:13:55.877,1.97439,1.97512,1.88,1.88
2011.08.24 15:13:56.446,1.97438,1.97513,2.63,2.63
2011.08.24 15:13:57.250,1.97445,1.97513,1.50,1.13
2011.08.24 15:13:57.697,1.97445,1.97513,1.50,1.13
2011.08.24 15:13:59.579,1.97442,1.97513,1.50,1.13
2011.08.24 15:13:59.907,1.97446,1.97513,1.50,1.13
2011.08.24 15:14:00.411,1.97449,1.97513,1.50,1.13
2011.08.24 15:14:00.757,1.97452,1.97513,1.50,1.13
2011.08.24 15:14:01.282,1.97451,1.97513,1.50,1.13
2011.08.24 15:14:02.036,1.97448,1.97513,1.50,1.13
2011.08.24 15:14:02.148,1.97446,1.97513,1.50,1.13
2011.08.24 15:14:02.257,1.97444,1.97513,1.50,1.13
2011.08.24 15:14:02.497,1.97444,1.97503,1.50,1.13
2011.08.24 15:14:03.137,1.97442,1.97503,1.50,1.13
2011.08.24 15:14:03.247,1.97442,1.97503,1.50,1.13
2011.08.24 15:14:03.908,1.97439,1.97503,1.50,1.13
2011.08.24 15:14:04.019,1.97439,1.97506,1.50,1.13
2011.08.24 15:14:04.248,1.97441,1.97506,1.50,1.13
2011.08.24 15:14:04.668,1.97447,1.97506,1.50,1.13
2011.08.24 15:14:05.949,1.97443,1.97506,1.50,1.13
2011.08.24 15:14:07.035,1.97444,1.97506,1.50,1.13
2011.08.24 15:14:07.397,1.97444,1.97506,1.50,1.13
2011.08.24 15:14:08.028,1.97439,1.97506,1.50,1.13
2011.08.24 15:14:08.447,1.97442,1.97506,1.50,1.13
2011.08.24 15:14:08.669,1.97445,1.97513,1.50,1.13
2011.08.24 15:14:10.748,1.97443,1.97513,1.50,1.13
2011.08.24 15:14:11.174,1.97439,1.97512,1.50,1.13
2011.08.24 15:14:11.288,1.97439,1.97517,2.63,1.50
2011.08.24 15:14:11.508,1.97445,1.97519,1.50,1.50
2011.08.24 15:14:11.729,1.97441,1.97516,1.50,1.50
2011.08.24 15:14:11.977,1.97444,1.9752,1.50,1.50
2011.08.24 15:14:12.207,1.97444,1.97522,1.50,2.63
2011.08.24 15:14:12.321,1.9744,1.9752,1.50,1.50
2011.08.24 15:14:12.657,1.97442,1.97522,1.50,2.63
2011.08.24 15:14:13.129,1.97446,1.97522,1.50,1.88
2011.08.24 15:14:13.470,1.9745,1.97522,1.50,1.13
2011.08.24 15:14:13.953,1.97452,1.97522,1.50,1.13
2011.08.24 15:14:14.063,1.97457,1.97535,1.50,1.50
2011.08.24 15:14:14.287,1.97461,1.97532,1.50,1.13
2011.08.24 15:14:15.098,1.97458,1.97532,1.50,1.88
2011.08.24 15:14:15.209,1.97455,1.97532,1.50,1.88
2011.08.24 15:14:15.430,1.97457,1.97537,1.50,1.50
2011.08.24 15:14:15.769,1.97468,1.97545,1.50,2.63
2011.08.24 15:14:16.127,1.97473,1.97545,1.50,1.50
2011.08.24 15:14:16.241,1.9747,1.97545,1.50,1.50
2011.08.24 15:14:16.580,1.97478,1.97545,1.50,1.50
2011.08.24 15:14:17.008,1.97478,1.97526,1.50,1.13
2011.08.24 15:14:17.133,1.97458,1.97526,1.50,1.13
2011.08.24 15:14:17.248,1.97461,1.97529,1.88,1.13
2011.08.24 15:14:17.359,1.97461,1.97531,1.88,1.13
2011.08.24 15:14:17.818,1.97463,1.97531,1.88,1.13
2011.08.24 15:14:17.928,1.97463,1.97531,1.88,1.13
2011.08.24 15:14:18.039,1.9747,1.97539,1.13,1.88
2011.08.24 15:14:18.268,1.97472,1.97545,2.63,1.50
2011.08.24 15:14:18.488,1.97472,1.97549,2.63,1.88
2011.08.24 15:14:18.708,1.97475,1.97549,1.50,1.13
2011.08.24 15:14:19.158,1.97472,1.97548,1.13,1.50
2011.08.24 15:14:19.599,1.97472,1.97549,2.63,1.88
2011.08.24 15:14:20.173,1.97475,1.97549,1.50,1.13
2011.08.24 15:14:20.508,1.9747,1.97539,1.13,1.88
2011.08.24 15:14:20.837,1.97473,1.97548,2.63,1.13
2011.08.24 15:14:20.947,1.97473,1.97546,1.13,1.50
2011.08.24 15:14:21.418,1.97476,1.97548,1.50,1.13
2011.08.24 15:14:21.639,1.97477,1.97548,1.50,1.13
2011.08.24 15:14:21.759,1.97473,1.97548,2.63,1.13
2011.08.24 15:14:21.877,1.97473,1.97548,2.63,1.88
2011.08.24 15:14:21.987,1.97473,1.97548,1.88,2.63
2011.08.24 15:14:22.318,1.97475,1.97548,1.50,1.13
2011.08.24 15:14:23.172,1.97475,1.97548,1.50,1.13
2011.08.24 15:14:23.397,1.97474,1.97548,1.50,1.13
2011.08.24 15:14:24.107,1.97484,1.97548,1.50,1.13
2011.08.24 15:14:24.217,1.97484,1.9755,1.50,1.13
2011.08.24 15:14:24.657,1.97479,1.9755,2.63,1.13
2011.08.24 15:14:25.020,1.97479,1.9755,1.88,1.13
2011.08.24 15:14:25.137,1.97481,1.9755,1.13,1.13
2011.08.24 15:14:25.707,1.97482,1.97551,1.88,1.13
2011.08.24 15:14:26.219,1.97482,1.97551,1.13,1.88
2011.08.24 15:14:26.547,1.97482,1.97547,1.13,1.50
2011.08.24 15:14:26.661,1.97482,1.9755,1.13,1.50
2011.08.24 15:14:26.777,1.97482,1.97545,1.13,1.50
2011.08.24 15:14:27.087,1.97482,1.97548,1.13,1.50
2011.08.24 15:14:27.528,1.97482,1.97544,1.13,1.50
2011.08.24 15:14:28.112,1.97477,1.97543,1.13,1.50
2011.08.24 15:14:28.233,1.97483,1.97545,1.13,1.50
2011.08.24 15:14:28.572,1.97489,1.97554,1.13,1.50
2011.08.24 15:14:28.691,1.97476,1.97548,1.50,1.13
2011.08.24 15:14:28.920,1.97484,1.97556,1.13,1.50
2011.08.24 15:14:29.260,1.97493,1.97562,1.13,2.63
2011.08.24 15:14:29.489,1.97485,1.9756,1.88,1.88
2011.08.24 15:14:29.816,1.97485,1.9756,1.88,2.63
2011.08.24 15:14:30.206,1.97485,1.9756,1.13,2.63
2011.08.24 15:14:30.636,1.97485,1.9756,1.13,2.63
2011.08.24 15:14:30.870,1.97476,1.97548,1.50,1.13
2011.08.24 15:14:30.991,1.97473,1.97548,1.88,1.13
2011.08.24 15:14:31.109,1.97474,1.97548,1.50,1.13
2011.08.24 15:14:31.532,1.97473,1.97548,2.63,1.88
2011.08.24 15:14:31.873,1.97473,1.97541,1.13,1.50
2011.08.24 15:14:31.991,1.97465,1.97545,1.50,1.50
2011.08.24 15:14:32.109,1.97465,1.97536,1.50,1.13
2011.08.24 15:14:32.443,1.97457,1.97525,1.50,1.13
2011.08.24 15:14:33.020,1.9746,1.97525,1.50,1.13
2011.08.24 15:14:33.142,1.97457,1.97525,1.50,1.13
2011.08.24 15:14:33.388,1.97457,1.97525,1.50,1.13
2011.08.24 15:14:33.608,1.97458,1.97525,1.50,1.13
2011.08.24 15:14:33.940,1.97458,1.97525,1.50,1.13
2011.08.24 15:14:34.169,1.97461,1.97525,1.50,1.13
2011.08.24 15:14:34.507,1.97461,1.97525,1.50,1.13
2011.08.24 15:14:35.211,1.97462,1.97525,1.50,1.13
2011.08.24 15:14:35.330,1.97462,1.97525,1.50,1.13
2011.08.24 15:14:35.448,1.97461,1.97525,1.50,1.13
2011.08.24 15:14:35.558,1.97461,1.97535,1.50,1.13
2011.08.24 15:14:35.669,1.97462,1.97536,1.50,1.13
2011.08.24 15:14:36.667,1.97461,1.97534,1.50,1.13
2011.08.24 15:14:36.937,1.97464,1.97538,1.88,1.88
2011.08.24 15:14:37.466,1.97464,1.97538,1.88,1.13
2011.08.24 15:14:37.582,1.97464,1.97538,2.63,1.13
2011.08.24 15:14:38.028,1.97467,1.97538,1.50,1.13
2011.08.24 15:14:38.359,1.97468,1.97537,2.63,1.13
2011.08.24 15:14:38.688,1.97468,1.97537,2.63,1.13
2011.08.24 15:14:38.798,1.9747,1.97548,1.88,1.88
2011.08.24 15:14:38.907,1.97471,1.97548,1.50,1.88
2011.08.24 15:14:39.217,1.97474,1.97548,1.50,1.13
2011.08.24 15:14:39.557,1.97471,1.97548,1.50,1.88
2011.08.24 15:14:40.887,1.97469,1.97548,1.50,2.63
2011.08.24 15:14:40.999,1.97464,1.97532,1.50,1.13
2011.08.24 15:14:41.118,1.97464,1.97532,1.50,1.13
2011.08.24 15:14:41.337,1.97462,1.97532,1.88,1.13
2011.08.24 15:14:41.449,1.97466,1.97537,1.13,1.88
2011.08.24 15:14:42.090,1.97467,1.97537,1.13,1.13
2011.08.24 15:14:42.698,1.97468,1.97538,1.13,1.13
2011.08.24 15:14:45.068,1.97472,1.97542,1.13,1.88
2011.08.24 15:14:46.537,1.97472,1.97542,1.13,2.63
2011.08.24 15:14:46.647,1.97469,1.97541,1.13,1.88
2011.08.24 15:14:46.928,1.97465,1.97537,2.63,1.13
2011.08.24 15:14:47.257,1.9747,1.9754,1.13,1.88
2011.08.24 15:14:49.750,1.97469,1.97542,1.13,1.13
2011.08.24 15:14:49.871,1.97465,1.97544,1.50,2.25
2011.08.24 15:14:49.987,1.97463,1.97539,1.88,1.50
2011.08.24 15:14:50.100,1.97468,1.97538,1.13,1.88
2011.08.24 15:14:50.442,1.97457,1.97526,1.50,1.13
2011.08.24 15:14:50.558,1.97456,1.97526,1.13,1.13
2011.08.24 15:14:50.671,1.97456,1.97526,1.13,1.88
2011.08.24 15:14:51.009,1.9745,1.97525,2.63,1.13
2011.08.24 15:14:51.457,1.9745,1.97525,1.88,1.88
2011.08.24 15:14:51.608,1.9745,1.97525,1.88,1.13
2011.08.24 15:14:52.176,1.9745,1.97525,1.88,1.88
2011.08.24 15:14:53.328,1.97451,1.97525,1.50,1.13
2011.08.24 15:14:53.647,1.9745,1.97525,1.88,1.13
2011.08.24 15:14:54.463,1.9745,1.97525,1.13,1.88
2011.08.24 15:14:54.797,1.9745,1.97525,1.88,1.88
2011.08.24 15:14:55.670,1.97449,1.97524,1.50,1.88
2011.08.24 15:14:56.010,1.97447,1.97521,1.13,1.50
2011.08.24 15:14:56.348,1.97444,1.97514,1.13,1.88
2011.08.24 15:14:57.663,1.97444,1.97514,1.13,1.88
2011.08.24 15:14:59.473,1.97444,1.97514,1.88,1.13
2011.08.24 15:14:59.712,1.97444,1.97514,1.88,1.13
2011.08.24 15:14:59.940,1.97444,1.97514,1.13,1.13
2011.08.24 15:15:00.753,1.97444,1.97514,1.88,1.13
2011.08.24 15:15:01.515,1.97444,1.97514,1.88,1.13
2011.08.24 15:15:02.311,1.97444,1.97514,1.13,1.13
2011.08.24 15:15:03.208,1.97444,1.97514,1.13,1.88
2011.08.24 15:15:03.428,1.97438,1.97513,1.50,1.13
2011.08.24 15:15:03.648,1.97439,1.97512,1.50,1.13
2011.08.24 15:15:03.757,1.97436,1.97498,1.50,1.13
2011.08.24 15:15:03.868,1.97431,1.97498,1.50,1.13
2011.08.24 15:15:03.978,1.97434,1.97505,1.13,1.88
2011.08.24 15:15:04.090,1.97434,1.97505,1.13,1.88
2011.08.24 15:15:04.207,1.97426,1.975,1.13,1.50
2011.08.24 15:15:04.318,1.97426,1.97503,1.88,1.50
2011.08.24 15:15:04.647,1.97432,1.97502,1.13,1.13
2011.08.24 15:15:05.223,1.97426,1.97491,1.50,1.13
2011.08.24 15:15:06.087,1.97426,1.97491,1.50,1.13
2011.08.24 15:15:06.450,1.97428,1.9749,1.50,1.13
2011.08.24 15:15:06.567,1.97423,1.9749,1.50,1.13
2011.08.24 15:15:06.788,1.97429,1.9749,1.50,1.13
2011.08.24 15:15:07.008,1.97433,1.97511,1.50,1.13
2011.08.24 15:15:07.230,1.97438,1.97491,1.50,1.13
2011.08.24 15:15:07.459,1.97438,1.9751,1.50,1.13
2011.08.24 15:15:07.568,1.97435,1.9751,1.50,1.88
2011.08.24 15:15:07.678,1.97432,1.9751,1.50,1.88
2011.08.24 15:15:07.787,1.97432,1.9751,1.50,1.88
2011.08.24 15:15:08.115,1.97433,1.97491,1.50,1.13
2011.08.24 15:15:08.336,1.9743,1.97491,1.50,1.13
2011.08.24 15:15:08.446,1.9743,1.97491,1.50,1.13
2011.08.24 15:15:09.446,1.97431,1.97495,1.50,1.13
2011.08.24 15:15:09.572,1.97433,1.97491,1.50,1.13
2011.08.24 15:15:09.909,1.97433,1.97491,1.50,1.13
2011.08.24 15:15:10.018,1.97433,1.97491,1.50,1.13
2011.08.24 15:15:10.239,1.97437,1.97491,1.50,1.13
2011.08.24 15:15:10.361,1.97432,1.97511,1.50,1.88
2011.08.24 15:15:10.480,1.97432,1.9751,1.50,1.50
2011.08.24 15:15:10.597,1.97442,1.97511,1.50,1.13
2011.08.24 15:15:10.706,1.97442,1.9752,1.50,1.50
2011.08.24 15:15:10.928,1.97442,1.97511,1.50,1.13
2011.08.24 15:15:11.489,1.9744,1.97511,1.50,1.13
2011.08.24 15:15:12.066,1.97437,1.9751,1.50,1.13
2011.08.24 15:15:12.177,1.97433,1.9751,1.50,1.88
2011.08.24 15:15:12.619,1.97438,1.9751,1.50,1.13
2011.08.24 15:15:12.986,1.97442,1.97514,1.50,1.13
2011.08.24 15:15:13.101,1.97435,1.97509,1.50,1.13
2011.08.24 15:15:13.551,1.97434,1.97508,1.50,1.13
2011.08.24 15:15:13.887,1.97433,1.97508,1.13,1.88
2011.08.24 15:15:14.218,1.97433,1.97484,1.13,1.13
2011.08.24 15:15:14.329,1.97412,1.97483,1.88,1.13
2011.08.24 15:15:14.437,1.97412,1.97483,1.50,1.13
2011.08.24 15:15:14.549,1.97412,1.9748,1.50,1.13
2011.08.24 15:15:15.051,1.97418,1.97478,1.50,1.13
2011.08.24 15:15:15.499,1.97419,1.97474,1.50,1.13
2011.08.24 15:15:15.837,1.97407,1.97474,1.50,1.13
2011.08.24 15:15:16.060,1.97406,1.97474,1.50,1.13
2011.08.24 15:15:16.707,1.97403,1.97474,1.50,1.13
2011.08.24 15:15:16.817,1.974,1.97468,1.50,1.13
2011.08.24 15:15:17.147,1.97397,1.97468,1.50,1.13
2011.08.24 15:15:17.367,1.97397,1.97462,1.50,1.13
2011.08.24 15:15:17.477,1.97391,1.97462,1.50,1.13
2011.08.24 15:15:18.006,1.97399,1.97462,1.50,1.13
2011.08.24 15:15:18.117,1.97399,1.97466,1.50,1.13
2011.08.24 15:15:18.227,1.97398,1.97461,1.50,1.13
2011.08.24 15:15:18.556,1.97422,1.97475,1.13,1.13
2011.08.24 15:15:19.110,1.97422,1.97475,1.13,1.88
2011.08.24 15:15:19.229,1.97422,1.97475,1.13,1.88
2011.08.24 15:15:19.457,1.97422,1.97475,1.13,1.88
2011.08.24 15:15:19.678,1.97384,1.9746,1.50,1.13
2011.08.24 15:15:20.213,1.97397,1.97449,1.13,1.50
2011.08.24 15:15:20.327,1.97379,1.97434,1.13,1.13
2011.08.24 15:15:21.241,1.97379,1.97434,1.88,1.13
2011.08.24 15:15:21.467,1.97382,1.97434,1.50,1.13
2011.08.24 15:15:22.106,1.9738,1.97434,1.50,1.13
2011.08.24 15:15:22.438,1.97376,1.97428,1.50,1.13
2011.08.24 15:15:22.547,1.97382,1.97436,1.13,1.13
2011.08.24 15:15:22.659,1.97382,1.97436,1.88,1.13
2011.08.24 15:15:22.880,1.97385,1.9744,1.13,1.13
2011.08.24 15:15:23.309,1.97385,1.97438,1.13,1.13
2011.08.24 15:15:23.527,1.97384,1.9745,1.13,1.50
2011.08.24 15:15:23.636,1.9738,1.97433,1.13,1.13
2011.08.24 15:15:24.257,1.97373,1.97428,1.88,1.13
2011.08.24 15:15:24.707,1.97375,1.97428,1.88,1.13
2011.08.24 15:15:25.146,1.97382,1.97433,1.13,1.13
2011.08.24 15:15:25.477,1.97388,1.97439,1.13,1.13
2011.08.24 15:15:26.709,1.97382,1.97433,1.13,1.13
2011.08.24 15:15:27.662,1.97379,1.97434,1.88,1.13
2011.08.24 15:15:27.777,1.97379,1.97434,1.13,1.13
2011.08.24 15:15:28.627,1.97386,1.97439,1.13,1.13
2011.08.24 15:15:29.846,1.97396,1.97451,1.13,1.88
2011.08.24 15:15:30.676,1.97392,1.97445,1.13,1.13
2011.08.24 15:15:32.219,1.97398,1.97451,1.13,1.13
2011.08.24 15:15:35.477,1.97408,1.97463,1.13,2.63
2011.08.24 15:15:35.697,1.97398,1.97451,1.13,1.13
2011.08.24 15:15:35.807,1.97409,1.97462,1.13,1.88
2011.08.24 15:15:36.027,1.97398,1.97451,1.13,1.13
2011.08.24 15:15:37.388,1.97385,1.9744,1.13,1.13
2011.08.24 15:15:37.718,1.9738,1.97433,1.13,1.13
2011.08.24 15:15:38.453,1.97392,1.97445,1.13,1.13
2011.08.24 15:15:39.501,1.97398,1.97451,1.13,1.13
2011.08.24 15:15:39.839,1.97386,1.97451,1.13,1.50
2011.08.24 15:15:40.627,1.97386,1.97439,2.22,1.11
2011.08.24 15:15:41.763,1.97381,1.97434,1.13,1.13
2011.08.24 15:15:41.879,1.97383,1.97434,1.50,1.13
2011.08.24 15:15:41.998,1.97393,1.97447,1.13,1.13
2011.08.24 15:15:42.220,1.97388,1.97439,2.63,1.13
2011.08.24 15:15:42.559,1.97392,1.97433,1.50,1.13
2011.08.24 15:15:42.888,1.97394,1.97433,1.50,1.13
2011.08.24 15:15:42.997,1.97394,1.97439,1.50,1.13
2011.08.24 15:15:46.968,1.97397,1.97439,1.50,1.13
2011.08.24 15:15:48.310,1.97397,1.97439,1.50,1.13
2011.08.24 15:15:50.818,1.97396,1.97439,1.50,1.13
2011.08.24 15:15:50.928,1.97401,1.97439,1.50,1.13
2011.08.24 15:15:51.039,1.97393,1.97447,1.88,1.13
2011.08.24 15:15:51.532,1.97393,1.97447,1.88,1.13
2011.08.24 15:15:51.917,1.97393,1.97447,1.88,1.13
2011.08.24 15:15:52.928,1.97399,1.97453,1.13,1.13
2011.08.24 15:15:57.712,1.974,1.97454,1.13,1.13
2011.08.24 15:15:57.941,1.97389,1.97441,1.13,1.13
2011.08.24 15:15:58.347,1.97375,1.97429,1.88,1.13
2011.08.24 15:15:58.463,1.97375,1.97429,1.13,1.13
2011.08.24 15:15:59.799,1.97379,1.9743,1.13,1.13
2011.08.24 15:16:00.668,1.97376,1.97428,1.13,1.13
2011.08.24 15:16:00.888,1.97379,1.9743,1.13,1.13
2011.08.24 15:16:00.999,1.97375,1.97429,1.13,1.13
2011.08.24 15:16:01.531,1.97361,1.97425,1.50,1.13
2011.08.24 15:16:01.650,1.97359,1.97425,1.50,1.13
2011.08.24 15:16:01.772,1.97361,1.97425,1.50,1.13
2011.08.24 15:16:01.890,1.97359,1.97425,1.50,1.13
2011.08.24 15:16:02.011,1.97359,1.97425,1.50,1.13
2011.08.24 15:16:02.268,1.97357,1.97425,1.50,1.13
2011.08.24 15:16:02.522,1.97357,1.97425,1.50,1.13
2011.08.24 15:16:02.867,1.97362,1.97425,1.50,1.13
2011.08.24 15:16:03.197,1.97356,1.97418,1.50,1.13
2011.08.24 15:16:03.418,1.97356,1.97418,1.50,1.13
2011.08.24 15:16:04.528,1.97358,1.97418,1.50,1.13
2011.08.24 15:16:04.749,1.97357,1.97418,1.50,1.13
2011.08.24 15:16:06.049,1.97361,1.97418,1.50,1.13
2011.08.24 15:16:06.366,1.9736,1.97418,1.50,1.13
2011.08.24 15:16:06.939,1.97357,1.97418,1.50,1.13
2011.08.24 15:16:07.047,1.97357,1.97418,1.50,1.13
2011.08.24 15:16:07.747,1.9736,1.97418,1.50,1.13
2011.08.24 15:16:07.858,1.97361,1.97418,1.50,1.13
2011.08.24 15:16:08.148,1.97356,1.97418,2.25,1.13
2011.08.24 15:16:08.865,1.97353,1.97418,1.50,1.13
2011.08.24 15:16:08.982,1.97356,1.97438,1.50,1.88
2011.08.24 15:16:09.100,1.97362,1.97438,1.50,1.88
2011.08.24 15:16:09.218,1.97362,1.97419,1.50,1.13
2011.08.24 15:16:09.768,1.97355,1.97419,1.50,1.13
2011.08.24 15:16:09.877,1.97356,1.97419,1.50,1.13
2011.08.24 15:16:10.507,1.97357,1.97419,1.50,1.13
2011.08.24 15:16:10.617,1.97357,1.97436,1.50,1.88
2011.08.24 15:16:10.727,1.97357,1.97422,1.50,1.13
2011.08.24 15:16:11.057,1.97362,1.97422,1.50,1.13
2011.08.24 15:16:11.418,1.97357,1.97419,1.50,1.13
2011.08.24 15:16:11.937,1.97368,1.97435,1.13,1.50
2011.08.24 15:16:12.433,1.97368,1.97436,1.88,1.13
2011.08.24 15:16:12.553,1.97364,1.97431,1.50,1.13
2011.08.24 15:16:12.668,1.97361,1.97431,2.63,1.13
2011.08.24 15:16:13.189,1.97361,1.97431,1.88,1.13
2011.08.24 15:16:13.407,1.97364,1.97431,1.50,1.13
2011.08.24 15:16:14.028,1.97368,1.97437,1.50,1.13
2011.08.24 15:16:14.137,1.97368,1.97437,1.50,1.13
2011.08.24 15:16:14.817,1.97367,1.97437,2.63,1.13
2011.08.24 15:16:15.517,1.97367,1.97437,2.63,1.13
2011.08.24 15:16:15.896,1.9737,1.97437,1.50,1.13
2011.08.24 15:16:17.667,1.97375,1.97437,1.50,1.13
2011.08.24 15:16:18.187,1.97375,1.97442,1.50,1.13
2011.08.24 15:16:18.520,1.97374,1.97442,1.88,1.13
2011.08.24 15:16:18.990,1.97379,1.97448,1.13,1.50
2011.08.24 15:16:19.108,1.97379,1.97448,1.13,1.50
2011.08.24 15:16:19.220,1.97382,1.97448,1.13,1.50
2011.08.24 15:16:19.669,1.97382,1.97447,1.13,1.50
2011.08.24 15:16:19.791,1.97376,1.97443,1.13,1.50
2011.08.24 15:16:19.908,1.9737,1.97439,1.13,1.13
2011.08.24 15:16:20.131,1.9737,1.97439,1.88,1.13
2011.08.24 15:16:20.251,1.9737,1.97439,1.88,1.13
2011.08.24 15:16:20.477,1.97371,1.97439,1.50,1.13
2011.08.24 15:16:21.001,1.9738,1.97445,1.13,1.50
2011.08.24 15:16:21.119,1.9738,1.97448,1.13,2.63
2011.08.24 15:16:21.339,1.97376,1.97445,1.13,1.88
2011.08.24 15:16:21.868,1.97376,1.97444,1.13,1.50
2011.08.24 15:16:21.978,1.97377,1.97445,1.50,1.13
2011.08.24 15:16:22.158,1.97376,1.97445,2.63,1.13
2011.08.24 15:16:22.666,1.97376,1.97445,1.88,1.13
2011.08.24 15:16:22.777,1.97376,1.97445,1.13,1.88
2011.08.24 15:16:23.163,1.97384,1.97449,1.13,1.50
2011.08.24 15:16:23.280,1.97373,1.97443,1.88,1.13
2011.08.24 15:16:23.399,1.97373,1.97443,1.88,1.13
2011.08.24 15:16:24.428,1.97373,1.97443,1.13,1.88
2011.08.24 15:16:24.948,1.97373,1.97443,1.13,1.88
2011.08.24 15:16:25.168,1.97373,1.97443,1.88,1.13
2011.08.24 15:16:25.278,1.97373,1.97443,1.13,1.13
2011.08.24 15:16:26.208,1.97369,1.9744,1.88,1.13
2011.08.24 15:16:26.319,1.97369,1.9744,1.88,1.13
2011.08.24 15:16:26.427,1.97369,1.9744,1.88,1.13
2011.08.24 15:16:26.977,1.97366,1.97442,1.88,1.50
2011.08.24 15:16:27.090,1.97366,1.97441,1.13,1.50
2011.08.24 15:16:27.208,1.97361,1.97431,1.88,1.13
2011.08.24 15:16:27.317,1.97361,1.97431,1.13,1.13
2011.08.24 15:16:27.757,1.97361,1.97431,1.88,1.13
2011.08.24 15:16:28.223,1.97364,1.97431,1.50,1.13
2011.08.24 15:16:28.641,1.97363,1.97431,1.50,1.13
2011.08.24 15:16:29.089,1.97364,1.97433,1.13,1.13
2011.08.24 15:16:29.859,1.97364,1.97433,1.13,2.63
2011.08.24 15:16:30.178,1.97373,1.9744,1.13,1.50
2011.08.24 15:16:30.508,1.97373,1.97442,1.13,1.50
2011.08.24 15:16:30.619,1.97369,1.9744,1.13,1.88
2011.08.24 15:16:30.729,1.97369,1.9744,1.13,2.63
2011.08.24 15:16:30.950,1.97364,1.97433,1.13,1.88
2011.08.24 15:16:31.288,1.97364,1.97433,1.13,2.63
2011.08.24 15:16:32.147,1.97364,1.97433,1.88,1.88
2011.08.24 15:16:32.547,1.97371,1.97441,1.13,1.13
2011.08.24 15:16:32.800,1.97374,1.97442,1.13,1.88
2011.08.24 15:16:32.921,1.97371,1.97441,1.13,1.13
2011.08.24 15:16:33.042,1.97376,1.97445,1.13,1.88
2011.08.24 15:16:33.599,1.97376,1.97445,1.13,1.13
2011.08.24 15:16:33.977,1.97375,1.97443,1.88,1.13
2011.08.24 15:16:34.759,1.97371,1.97441,1.88,1.13
2011.08.24 15:16:34.870,1.97371,1.9744,1.13,1.50
2011.08.24 15:16:34.988,1.97368,1.97439,1.13,1.88
2011.08.24 15:16:35.098,1.97366,1.97436,1.13,1.13
2011.08.24 15:16:36.839,1.9736,1.9744,1.50,1.50
2011.08.24 15:16:36.961,1.97365,1.97427,1.13,1.50
2011.08.24 15:16:37.081,1.97365,1.97428,1.13,1.50
2011.08.24 15:16:37.307,1.97358,1.97431,1.13,1.50
2011.08.24 15:16:37.419,1.97357,1.97433,1.88,1.50
2011.08.24 15:16:37.530,1.97361,1.97439,1.50,1.50
2011.08.24 15:16:37.757,1.97358,1.97436,1.50,1.50
2011.08.24 15:16:38.090,1.97362,1.97432,1.13,1.13
2011.08.24 15:16:38.427,1.97364,1.97437,2.63,1.88
2011.08.24 15:16:38.539,1.97364,1.97437,2.63,1.13
2011.08.24 15:16:38.871,1.97368,1.97445,1.50,1.50
2011.08.24 15:16:38.988,1.97368,1.97448,2.63,1.50
2011.08.24 15:16:39.336,1.97368,1.97442,1.50,1.13
2011.08.24 15:16:39.669,1.97363,1.97441,1.50,1.50
2011.08.24 15:16:39.778,1.9736,1.9744,1.50,1.50
2011.08.24 15:16:39.998,1.97365,1.97435,1.13,1.13
2011.08.24 15:16:40.577,1.97363,1.97433,1.88,1.13
2011.08.24 15:16:41.557,1.97363,1.97433,1.13,1.13
2011.08.24 15:16:42.107,1.9736,1.97432,1.88,1.13
2011.08.24 15:16:42.220,1.9736,1.97432,1.13,1.13
2011.08.24 15:16:42.339,1.9736,1.97429,1.13,1.50
2011.08.24 15:16:42.874,1.9736,1.97427,1.13,1.50
2011.08.24 15:16:43.208,1.97346,1.97418,2.63,1.13
2011.08.24 15:16:43.319,1.97346,1.97416,1.50,1.13
2011.08.24 15:16:43.648,1.9736,1.97438,1.50,1.50
2011.08.24 15:16:44.089,1.97359,1.97439,1.88,1.50
2011.08.24 15:16:44.198,1.97361,1.97439,1.50,1.50
2011.08.24 15:16:44.418,1.9736,1.97437,1.88,1.50
2011.08.24 15:16:45.158,1.97364,1.9744,1.50,1.50
2011.08.24 15:16:45.498,1.97394,1.9745,1.13,1.88
2011.08.24 15:16:45.828,1.97392,1.97448,1.13,1.13
2011.08.24 15:16:46.278,1.9739,1.97447,1.13,1.13
2011.08.24 15:16:46.389,1.97398,1.97451,1.13,1.13
2011.08.24 15:16:46.608,1.97394,1.9745,1.13,1.13
2011.08.24 15:16:49.582,1.97391,1.97446,1.13,1.13
2011.08.24 15:16:50.028,1.97395,1.97449,1.13,1.13
2011.08.24 15:16:55.747,1.97397,1.97459,1.13,1.88
2011.08.24 15:16:56.338,1.97397,1.97459,1.13,1.88
2011.08.24 15:16:56.669,1.97395,1.97449,1.13,1.13
2011.08.24 15:16:58.763,1.97395,1.97449,1.88,1.13
2011.08.24 15:16:59.097,1.97388,1.97444,1.88,1.13
2011.08.24 15:16:59.207,1.97388,1.97444,1.13,1.13
2011.08.24 15:16:59.319,1.97394,1.9745,1.13,1.13
2011.08.24 15:16:59.917,1.97394,1.9745,1.88,1.13
2011.08.24 15:17:00.440,1.97394,1.9745,1.13,1.13
2011.08.24 15:17:01.270,1.97389,1.97443,1.88,1.13
2011.08.24 15:17:02.239,1.97389,1.97443,1.13,1.13
2011.08.24 15:17:03.179,1.97389,1.97443,1.88,1.13
2011.08.24 15:17:03.398,1.97389,1.97443,1.13,1.13
2011.08.24 15:17:03.888,1.97398,1.97443,1.50,1.13
2011.08.24 15:17:03.998,1.97398,1.97478,1.50,1.50
2011.08.24 15:17:04.541,1.97401,1.97481,1.50,1.50
2011.08.24 15:17:04.664,1.97436,1.97491,1.13,1.13
2011.08.24 15:17:04.999,1.97441,1.97503,1.13,1.50
2011.08.24 15:17:05.218,1.97441,1.97508,1.13,1.50
2011.08.24 15:17:05.487,1.97436,1.97491,1.13,1.13
2011.08.24 15:17:05.929,1.97442,1.97497,1.13,1.13
2011.08.24 15:17:07.389,1.97444,1.97498,1.13,1.13
2011.08.24 15:17:09.150,1.97444,1.975,1.13,1.13
2011.08.24 15:17:10.039,1.97448,1.975,1.50,1.13
2011.08.24 15:17:10.152,1.97461,1.97514,1.13,1.13
2011.08.24 15:17:10.379,1.97462,1.97516,1.13,1.13
2011.08.24 15:17:10.489,1.97466,1.97522,1.13,1.13
2011.08.24 15:17:10.870,1.97473,1.97527,1.13,1.13
2011.08.24 15:17:10.993,1.97462,1.9752,1.50,1.13
2011.08.24 15:17:11.221,1.97472,1.97528,1.13,1.13
2011.08.24 15:17:11.998,1.97467,1.97521,1.13,1.13
2011.08.24 15:17:12.334,1.97473,1.97527,1.13,1.13
2011.08.24 15:17:12.768,1.97466,1.97522,1.13,1.13
2011.08.24 15:17:12.988,1.97472,1.97528,1.13,1.88
2011.08.24 15:17:13.320,1.97468,1.97522,1.13,1.13
2011.08.24 15:17:16.522,1.97467,1.97521,1.13,1.13
2011.08.24 15:17:17.418,1.97472,1.97528,1.13,1.13
2011.08.24 15:17:18.912,1.97473,1.97527,1.13,1.13
2011.08.24 15:17:19.247,1.97473,1.97527,1.88,1.13
2011.08.24 15:17:19.760,1.97483,1.97527,1.13,1.13
2011.08.24 15:17:19.885,1.97508,1.97563,1.13,1.13
2011.08.24 15:17:20.699,1.97502,1.97557,1.13,1.13
2011.08.24 15:17:21.029,1.97497,1.9755,1.13,1.13
2011.08.24 15:17:22.459,1.97502,1.97557,1.13,1.13
2011.08.24 15:17:23.458,1.97502,1.97557,1.88,1.13
2011.08.24 15:17:24.167,1.97502,1.97557,1.88,1.13
2011.08.24 15:17:25.042,1.97497,1.9755,1.13,1.13
2011.08.24 15:17:25.919,1.97508,1.97561,1.13,1.88
2011.08.24 15:17:26.359,1.97497,1.9755,1.13,1.13
2011.08.24 15:17:27.019,1.97491,1.97544,1.13,1.13
2011.08.24 15:17:27.500,1.97495,1.97549,1.13,1.50
2011.08.24 15:17:27.620,1.9749,1.97545,1.13,1.13
2011.08.24 15:17:29.430,1.97495,1.9755,1.13,1.13
2011.08.24 15:17:29.781,1.9749,1.97545,1.13,1.13
2011.08.24 15:17:30.226,1.97485,1.97538,1.13,1.13
2011.08.24 15:17:30.558,1.9749,1.97545,1.13,1.13
2011.08.24 15:17:32.329,1.97493,1.97547,1.13,1.13
2011.08.24 15:17:33.411,1.97481,1.97543,1.13,1.13
2011.08.24 15:17:33.529,1.97484,1.97542,1.13,1.13
2011.08.24 15:17:33.971,1.97481,1.97542,1.13,1.13
2011.08.24 15:17:34.771,1.97491,1.97544,1.13,1.13
2011.08.24 15:17:35.440,1.97493,1.97553,1.13,1.50
2011.08.24 15:17:35.884,1.97493,1.97554,1.13,1.13
2011.08.24 15:17:36.420,1.97493,1.97554,1.13,1.88
2011.08.24 15:17:36.539,1.97486,1.97554,1.13,1.13
2011.08.24 15:17:36.649,1.97503,1.97558,1.13,1.88
2011.08.24 15:17:37.088,1.9754,1.97572,1.13,1.13
2011.08.24 15:17:37.418,1.97561,1.9759,1.13,1.50
2011.08.24 15:17:37.638,1.97556,1.97591,1.13,1.50
2011.08.24 15:17:37.753,1.97556,1.97591,1.13,1.50
2011.08.24 15:17:37.981,1.97557,1.97614,1.09,1.13
2011.08.24 15:17:38.333,1.97578,1.97629,1.13,1.88
2011.08.24 15:17:38.456,1.97571,1.97635,1.13,1.50
2011.08.24 15:17:38.570,1.97567,1.97642,1.13,1.50
2011.08.24 15:17:38.798,1.97579,1.97646,1.50,1.13
2011.08.24 15:17:38.915,1.97575,1.97646,1.50,1.13
2011.08.24 15:17:39.029,1.97572,1.97646,1.50,1.13
2011.08.24 15:17:39.154,1.97572,1.97646,1.50,1.13
2011.08.24 15:17:39.270,1.9757,1.97644,1.50,1.13
2011.08.24 15:17:39.390,1.97568,1.97644,1.50,1.88
2011.08.24 15:17:39.618,1.97571,1.97644,1.50,1.13
2011.08.24 15:17:39.951,1.97577,1.97646,1.13,2.63
2011.08.24 15:17:40.181,1.97577,1.97646,1.13,1.88
2011.08.24 15:17:40.912,1.97577,1.97646,1.88,1.13
2011.08.24 15:17:41.043,1.97577,1.97646,1.13,1.13
2011.08.24 15:17:41.160,1.97577,1.97646,1.88,1.13
2011.08.24 15:17:41.500,1.9758,1.97646,1.50,1.13
2011.08.24 15:17:41.839,1.97577,1.97646,1.13,2.63
2011.08.24 15:17:41.949,1.97571,1.9764,1.13,1.13
2011.08.24 15:17:42.281,1.9757,1.97634,1.50,1.13
2011.08.24 15:17:42.399,1.97575,1.97643,1.13,1.88
2011.08.24 15:17:42.619,1.97599,1.97648,1.13,1.50
2011.08.24 15:17:42.729,1.97599,1.97651,1.13,1.13
2011.08.24 15:17:45.169,1.97588,1.97645,1.13,1.13
2011.08.24 15:17:45.389,1.97587,1.97648,1.13,1.13
2011.08.24 15:17:45.497,1.97589,1.97647,1.13,1.13
2011.08.24 15:17:45.837,1.97587,1.97648,1.13,1.13
2011.08.24 15:17:46.073,1.97587,1.97646,1.13,1.13
2011.08.24 15:17:46.187,1.97587,1.97648,1.13,1.13
2011.08.24 15:17:47.847,1.97585,1.97638,1.13,1.13
2011.08.24 15:17:49.246,1.97586,1.9764,1.13,1.13
2011.08.24 15:17:51.832,1.97586,1.97637,1.13,1.13
2011.08.24 15:17:55.488,1.97587,1.97648,1.13,1.13
2011.08.24 15:17:56.779,1.97587,1.97648,1.13,1.88
2011.08.24 15:17:57.118,1.97586,1.97637,1.13,1.13
2011.08.24 15:17:59.970,1.97586,1.97642,1.13,1.13
2011.08.24 15:18:01.299,1.97587,1.97643,1.13,1.13
2011.08.24 15:18:02.072,1.97597,1.97652,1.13,2.63
2011.08.24 15:18:02.190,1.97597,1.97652,1.13,1.13
2011.08.24 15:18:02.310,1.97586,1.97637,1.13,1.13
2011.08.24 15:18:02.541,1.97587,1.97641,1.13,1.13
2011.08.24 15:18:03.186,1.97588,1.97642,1.13,1.13
2011.08.24 15:18:03.306,1.97586,1.97637,1.13,1.13
2011.08.24 15:18:04.938,1.97573,1.97626,1.13,1.13
