2015.08.26 19:00:00.029,2.41002,2.41126,2.21,1.75
2015.08.26 19:00:00.180,2.40994,2.41116,1.75,1.75
2015.08.26 19:00:00.532,2.41002,2.4112,1.37,2.05
2015.08.26 19:00:00.733,2.41001,2.41132,1.75,2.05
2015.08.26 19:00:01.344,2.40991,2.41091,1.75,1.00
2015.08.26 19:00:01.922,2.41001,2.41132,1.75,2.05
2015.08.26 19:00:02.025,2.41001,2.41144,1.75,1.75
2015.08.26 19:00:02.424,2.41002,2.41121,1.37,1.67
2015.08.26 19:00:02.525,2.40991,2.4112,1.12,2.05
2015.08.26 19:00:03.376,2.40992,2.41111,1.00,1.75
2015.08.26 19:00:04.066,2.40981,2.41116,1.75,1.75
2015.08.26 19:00:04.732,2.41012,2.411,1.00,1.09
2015.08.26 19:00:04.932,2.41008,2.411,1.00,1.09
2015.08.26 19:00:04.983,2.41008,2.41096,1.00,1.50
2015.08.26 19:00:05.134,2.40987,2.4109,1.00,1.75
2015.08.26 19:00:05.306,2.40987,2.41068,1.00,1.09
2015.08.26 19:00:05.836,2.40986,2.41068,1.00,1.09
2015.08.26 19:00:06.739,2.40989,2.41068,1.00,1.09
2015.08.26 19:00:06.890,2.40993,2.41086,1.00,1.09
2015.08.26 19:00:07.042,2.40971,2.41086,1.00,1.09
2015.08.26 19:00:07.143,2.40989,2.41086,1.00,1.09
2015.08.26 19:00:07.521,2.40993,2.41085,1.00,1.75
2015.08.26 19:00:08.322,2.40992,2.41086,1.00,1.09
2015.08.26 19:00:08.823,2.40993,2.41086,1.00,1.09
2015.08.26 19:00:09.152,2.40993,2.41068,1.00,1.09
2015.08.26 19:00:09.491,2.40998,2.41082,1.00,1.09
2015.08.26 19:00:09.542,2.40998,2.41096,1.00,1.09
2015.08.26 19:00:09.642,2.41003,2.41096,1.00,1.09
2015.08.26 19:00:09.976,2.41005,2.41096,1.00,1.09
2015.08.26 19:00:10.505,2.41004,2.41096,1.00,1.09
2015.08.26 19:00:10.656,2.40997,2.41096,1.00,1.09
2015.08.26 19:00:11.644,2.40996,2.41096,1.00,1.09
2015.08.26 19:00:11.877,2.40998,2.41096,1.00,1.09
2015.08.26 19:00:13.665,2.41003,2.41096,1.00,1.09
2015.08.26 19:00:14.002,2.4101,2.41096,1.00,1.09
2015.08.26 19:00:14.438,2.40999,2.41096,1.00,1.09
2015.08.26 19:00:14.740,2.4099,2.41096,1.50,1.09
2015.08.26 19:00:15.120,2.40995,2.41096,1.00,1.09
2015.08.26 19:00:15.650,2.40999,2.41096,1.00,1.09
2015.08.26 19:00:17.953,2.40994,2.41096,1.00,1.09
2015.08.26 19:00:18.767,2.40989,2.41096,1.00,1.09
2015.08.26 19:00:19.477,2.40995,2.41096,1.00,1.09
2015.08.26 19:00:20.152,2.40994,2.41096,1.00,1.09
2015.08.26 19:00:20.253,2.4099,2.41096,1.00,1.09
2015.08.26 19:00:20.451,2.40985,2.41085,1.00,2.05
2015.08.26 19:00:20.897,2.40994,2.41085,1.00,2.05
2015.08.26 19:00:21.761,2.40985,2.41085,1.00,2.05
2015.08.26 19:00:22.302,2.40985,2.41065,1.00,1.09
2015.08.26 19:00:23.464,2.40986,2.41065,1.00,1.09
2015.08.26 19:00:24.012,2.40985,2.41065,1.50,1.09
2015.08.26 19:00:24.363,2.4099,2.41065,1.00,1.09
2015.08.26 19:00:24.665,2.40985,2.41065,1.00,1.09
2015.08.26 19:00:26.170,2.40994,2.41065,1.00,1.09
2015.08.26 19:00:26.812,2.40993,2.41065,1.00,1.09
2015.08.26 19:00:27.113,2.40967,2.41065,1.00,1.09
2015.08.26 19:00:27.214,2.40975,2.41065,1.00,1.09
2015.08.26 19:00:27.517,2.41014,2.4109,1.50,2.21
2015.08.26 19:00:28.065,2.41015,2.4109,1.00,2.21
2015.08.26 19:00:28.116,2.41015,2.41093,1.00,1.09
2015.08.26 19:00:28.217,2.4103,2.41093,1.00,1.09
2015.08.26 19:00:28.318,2.41013,2.41093,1.00,1.09
2015.08.26 19:00:28.419,2.4103,2.41107,1.00,1.09
2015.08.26 19:00:29.042,2.41029,2.41107,1.00,1.09
2015.08.26 19:00:29.852,2.4103,2.41107,1.00,1.09
2015.08.26 19:00:30.493,2.41034,2.41107,1.00,1.09
2015.08.26 19:00:30.594,2.41016,2.41107,1.00,1.09
2015.08.26 19:00:31.003,2.41033,2.41107,1.00,1.09
2015.08.26 19:00:31.112,2.41023,2.41107,1.00,1.09
2015.08.26 19:00:31.283,2.41024,2.41107,1.00,1.09
2015.08.26 19:00:31.334,2.41034,2.41107,1.00,1.09
2015.08.26 19:00:31.435,2.41025,2.41107,1.00,1.09
2015.08.26 19:00:31.536,2.41021,2.41107,1.00,1.09
2015.08.26 19:00:31.687,2.4102,2.41095,1.00,1.09
2015.08.26 19:00:32.039,2.41017,2.41095,1.00,1.09
2015.08.26 19:00:32.528,2.41025,2.41113,1.00,2.05
2015.08.26 19:00:32.942,2.41019,2.41113,1.00,2.05
2015.08.26 19:00:33.242,2.4101,2.41113,1.50,2.47
2015.08.26 19:00:35.011,2.41009,2.41102,1.00,1.75
2015.08.26 19:00:35.062,2.41004,2.41101,1.00,1.75
2015.08.26 19:00:35.574,2.41005,2.411,1.00,1.75
2015.08.26 19:00:35.762,2.41001,2.41093,1.00,1.50
2015.08.26 19:00:35.812,2.41001,2.41093,1.00,1.75
2015.08.26 19:00:36.500,2.40999,2.41094,1.50,2.47
2015.08.26 19:00:36.800,2.41001,2.41094,1.00,2.47
2015.08.26 19:00:38.104,2.40999,2.41094,1.00,2.47
2015.08.26 19:00:38.205,2.40994,2.41094,1.50,2.05
2015.08.26 19:00:38.654,2.40999,2.41094,1.00,2.05
2015.08.26 19:00:38.805,2.40999,2.41101,1.50,1.75
2015.08.26 19:00:38.855,2.41001,2.41101,1.00,1.75
2015.08.26 19:00:39.191,2.41009,2.41101,1.00,1.75
2015.08.26 19:00:39.702,2.4101,2.411,1.00,1.75
2015.08.26 19:00:39.803,2.41005,2.411,1.00,1.75
2015.08.26 19:00:40.191,2.40998,2.411,1.00,1.75
2015.08.26 19:00:40.921,2.41,2.411,1.00,1.75
2015.08.26 19:00:41.233,2.4101,2.41106,1.00,2.05
2015.08.26 19:00:41.612,2.41014,2.41106,1.00,2.05
2015.08.26 19:00:41.713,2.41009,2.41106,1.00,2.05
2015.08.26 19:00:43.216,2.4101,2.41106,1.00,2.05
2015.08.26 19:00:43.710,2.41014,2.41106,1.00,2.05
2015.08.26 19:00:44.714,2.41015,2.41106,1.00,2.05
2015.08.26 19:00:46.218,2.4101,2.41106,1.00,2.05
2015.08.26 19:00:46.621,2.4102,2.41106,1.00,2.05
2015.08.26 19:00:48.562,2.41019,2.41106,1.00,2.05
2015.08.26 19:00:49.081,2.4102,2.41106,1.00,2.05
2015.08.26 19:00:49.472,2.41014,2.41106,1.00,2.05
2015.08.26 19:00:49.673,2.41009,2.41106,1.00,2.47
2015.08.26 19:00:50.201,2.4101,2.41105,1.00,1.75
2015.08.26 19:00:50.252,2.41013,2.41106,1.00,2.47
2015.08.26 19:00:50.529,2.4101,2.41105,1.00,1.75
2015.08.26 19:00:50.680,2.41005,2.41096,1.00,1.75
2015.08.26 19:00:50.781,2.40999,2.41096,1.00,1.75
2015.08.26 19:00:50.831,2.40999,2.41092,1.00,2.05
2015.08.26 19:00:50.983,2.40994,2.41092,1.00,2.05
2015.08.26 19:00:51.966,2.40985,2.41084,1.00,1.75
2015.08.26 19:00:52.067,2.4098,2.4108,1.00,1.75
2015.08.26 19:00:52.117,2.4098,2.41077,1.00,2.05
2015.08.26 19:00:52.369,2.4097,2.41073,1.00,1.75
2015.08.26 19:00:52.658,2.40973,2.4107,1.00,1.75
2015.08.26 19:00:52.934,2.4097,2.4107,1.00,1.75
2015.08.26 19:00:52.985,2.40975,2.4107,1.00,1.75
2015.08.26 19:00:53.086,2.40969,2.41071,1.50,1.75
2015.08.26 19:00:53.187,2.40975,2.4107,1.00,1.75
2015.08.26 19:00:53.488,2.40979,2.41071,1.00,1.75
2015.08.26 19:00:53.662,2.40975,2.4107,1.00,1.75
2015.08.26 19:00:53.762,2.4098,2.4107,1.00,1.75
2015.08.26 19:00:54.050,2.40989,2.4108,1.00,1.75
2015.08.26 19:00:54.151,2.40975,2.41075,1.00,1.75
2015.08.26 19:00:54.251,2.40971,2.41076,1.00,1.75
2015.08.26 19:00:54.352,2.40966,2.41074,1.00,2.05
2015.08.26 19:00:54.654,2.41003,2.4109,1.00,2.05
2015.08.26 19:00:54.754,2.41014,2.41097,1.00,1.09
2015.08.26 19:00:55.281,2.41015,2.41097,1.00,1.09
2015.08.26 19:00:55.382,2.4102,2.41097,1.00,1.09
2015.08.26 19:00:55.482,2.41014,2.41097,1.00,1.09
2015.08.26 19:00:55.583,2.4099,2.41097,1.00,1.09
2015.08.26 19:00:55.684,2.41012,2.41097,1.00,1.09
2015.08.26 19:00:56.003,2.41015,2.41097,1.00,1.09
2015.08.26 19:00:56.053,2.41001,2.41097,1.00,1.09
2015.08.26 19:00:56.428,2.41,2.41104,1.00,1.09
2015.08.26 19:00:56.479,2.41025,2.41104,1.00,1.09
2015.08.26 19:00:56.781,2.41029,2.41104,1.00,1.09
2015.08.26 19:00:57.231,2.41025,2.41104,1.00,1.09
2015.08.26 19:00:57.446,2.41023,2.41104,1.00,1.09
2015.08.26 19:00:57.664,2.4102,2.41104,1.00,1.09
2015.08.26 19:00:57.715,2.41024,2.41104,1.00,1.09
2015.08.26 19:00:57.816,2.41006,2.41104,1.00,1.09
2015.08.26 19:00:57.934,2.41003,2.41104,1.00,1.09
2015.08.26 19:00:57.985,2.41,2.41104,1.00,1.09
2015.08.26 19:00:58.188,2.4101,2.41093,1.00,1.09
2015.08.26 19:00:58.491,2.41005,2.41093,1.00,1.09
2015.08.26 19:00:58.932,2.41014,2.41093,1.00,1.09
2015.08.26 19:00:59.234,2.41019,2.41093,1.00,1.09
2015.08.26 19:00:59.499,2.41015,2.41093,1.00,1.09
2015.08.26 19:01:00.033,2.41019,2.41093,1.00,1.09
2015.08.26 19:01:00.134,2.40998,2.41093,1.00,1.09
2015.08.26 19:01:00.184,2.41001,2.41093,1.00,1.09
2015.08.26 19:01:00.590,2.41005,2.41093,1.00,1.09
2015.08.26 19:01:00.934,2.41005,2.41085,1.00,1.09
2015.08.26 19:01:01.312,2.40999,2.41085,1.00,1.09
2015.08.26 19:01:01.413,2.40994,2.41085,1.00,1.09
2015.08.26 19:01:01.735,2.4099,2.41085,1.00,1.09
2015.08.26 19:01:02.931,2.40989,2.41085,1.50,1.09
2015.08.26 19:01:03.705,2.40991,2.41085,1.00,1.09
2015.08.26 19:01:07.645,2.40989,2.41085,1.00,1.09
2015.08.26 19:01:07.696,2.40992,2.41085,1.00,1.09
2015.08.26 19:01:07.897,2.4099,2.41085,1.00,1.09
2015.08.26 19:01:08.404,2.40996,2.41085,1.00,1.09
2015.08.26 19:01:08.520,2.40994,2.41085,1.00,1.09
2015.08.26 19:01:08.673,2.40992,2.41085,1.00,1.09
2015.08.26 19:01:09.611,2.40995,2.41085,1.00,1.09
2015.08.26 19:01:10.075,2.40998,2.41085,1.00,1.09
2015.08.26 19:01:11.478,2.41,2.41085,1.00,1.09
2015.08.26 19:01:11.980,2.41004,2.41085,1.00,1.09
2015.08.26 19:01:12.081,2.40994,2.41085,1.00,1.09
2015.08.26 19:01:12.481,2.40987,2.41085,1.00,1.09
2015.08.26 19:01:14.092,2.40998,2.41085,1.00,1.09
2015.08.26 19:01:15.271,2.40994,2.41085,1.00,1.09
2015.08.26 19:01:16.199,2.40994,2.41085,1.00,1.09
2015.08.26 19:01:16.269,2.40994,2.41068,1.00,1.84
2015.08.26 19:01:16.421,2.40992,2.41068,1.00,1.84
2015.08.26 19:01:17.203,2.40988,2.41068,1.00,1.84
2015.08.26 19:01:17.420,2.40986,2.41064,1.00,1.09
2015.08.26 19:01:17.691,2.40993,2.41064,1.00,1.09
2015.08.26 19:01:18.893,2.40997,2.41064,1.00,1.09
2015.08.26 19:01:19.402,2.40999,2.41068,1.00,1.84
2015.08.26 19:01:21.821,2.40999,2.41078,1.00,1.09
2015.08.26 19:01:21.922,2.40997,2.41078,1.00,1.09
2015.08.26 19:01:22.920,2.40998,2.41078,1.00,1.09
2015.08.26 19:01:23.406,2.40996,2.41078,1.00,1.09
2015.08.26 19:01:24.211,2.41002,2.41078,1.00,1.09
2015.08.26 19:01:24.311,2.40993,2.41078,1.00,1.09
2015.08.26 19:01:24.412,2.4101,2.41078,1.00,1.09
2015.08.26 19:01:25.150,2.41015,2.41092,1.00,1.09
2015.08.26 19:01:26.031,2.41017,2.41092,1.00,1.09
2015.08.26 19:01:26.221,2.41008,2.41092,1.00,1.09
2015.08.26 19:01:27.117,2.41007,2.41081,1.00,1.09
2015.08.26 19:01:28.120,2.41002,2.41081,1.00,1.09
2015.08.26 19:01:28.393,2.41002,2.41079,1.00,1.09
2015.08.26 19:01:28.696,2.40999,2.41073,1.00,1.09
2015.08.26 19:01:29.361,2.4099,2.41073,1.00,1.09
2015.08.26 19:01:31.080,2.4099,2.41041,1.00,1.84
2015.08.26 19:01:31.130,2.40984,2.41041,1.00,1.84
2015.08.26 19:01:31.257,2.40976,2.41041,1.00,1.84
2015.08.26 19:01:32.327,2.40973,2.41041,1.00,1.84
2015.08.26 19:01:34.130,2.40972,2.41041,1.00,1.84
2015.08.26 19:01:34.749,2.40971,2.41041,1.00,1.84
2015.08.26 19:01:35.633,2.40975,2.41041,1.00,1.84
2015.08.26 19:01:35.856,2.40964,2.41041,1.00,1.84
2015.08.26 19:01:36.057,2.40964,2.4105,1.00,1.09
2015.08.26 19:01:36.158,2.40981,2.4105,1.00,1.09
2015.08.26 19:01:36.670,2.40982,2.4105,1.00,1.09
2015.08.26 19:01:36.779,2.40982,2.41069,1.00,2.05
2015.08.26 19:01:36.940,2.40988,2.41076,1.00,1.75
2015.08.26 19:01:37.141,2.40983,2.41075,1.00,1.75
2015.08.26 19:01:38.238,2.40987,2.41075,1.00,1.75
2015.08.26 19:01:39.890,2.40968,2.41075,1.00,1.75
2015.08.26 19:01:39.991,2.40978,2.41075,1.00,1.75
2015.08.26 19:01:41.345,2.40968,2.41075,1.00,1.75
2015.08.26 19:01:41.990,2.40969,2.41061,1.00,1.09
2015.08.26 19:01:42.350,2.40982,2.41061,1.00,1.09
2015.08.26 19:01:42.796,2.40979,2.41061,1.00,1.09
2015.08.26 19:01:42.897,2.40984,2.41076,1.00,1.75
2015.08.26 19:01:43.199,2.40992,2.41081,1.00,2.05
2015.08.26 19:01:43.400,2.40984,2.41081,1.00,2.05
2015.08.26 19:01:44.001,2.4099,2.41081,1.00,2.05
2015.08.26 19:01:44.052,2.40987,2.41081,1.00,2.05
2015.08.26 19:01:44.253,2.4099,2.41081,1.00,2.05
2015.08.26 19:01:44.601,2.40973,2.41081,1.00,2.05
2015.08.26 19:01:45.190,2.40974,2.41081,1.00,2.05
2015.08.26 19:01:45.600,2.40989,2.41081,1.00,2.05
2015.08.26 19:01:47.561,2.40991,2.41081,1.00,2.05
2015.08.26 19:01:47.872,2.41002,2.41081,1.00,2.05
2015.08.26 19:01:48.074,2.41005,2.41091,1.00,1.75
2015.08.26 19:01:48.762,2.40989,2.4109,1.00,1.75
2015.08.26 19:01:49.163,2.40997,2.4109,1.00,1.75
2015.08.26 19:01:49.363,2.40989,2.4109,1.00,1.75
2015.08.26 19:01:49.660,2.40989,2.41088,1.00,2.05
2015.08.26 19:01:50.028,2.40984,2.41077,1.00,2.06
2015.08.26 19:01:50.331,2.40983,2.41067,1.00,2.05
2015.08.26 19:01:50.382,2.40983,2.41071,1.00,1.75
2015.08.26 19:01:50.970,2.4098,2.4107,1.00,1.75
2015.08.26 19:01:51.498,2.40979,2.4107,1.00,1.75
2015.08.26 19:01:53.470,2.4098,2.41071,1.00,1.75
2015.08.26 19:01:55.173,2.40982,2.4107,1.00,1.75
2015.08.26 19:01:56.580,2.40984,2.41084,1.00,2.05
2015.08.26 19:01:56.781,2.40976,2.41084,1.00,2.05
2015.08.26 19:01:58.129,2.40997,2.41084,1.00,2.47
2015.08.26 19:01:58.900,2.40998,2.41084,1.00,2.47
2015.08.26 19:01:59.682,2.40997,2.41084,1.00,2.05
2015.08.26 19:02:00.130,2.40977,2.41084,1.00,2.05
2015.08.26 19:02:00.231,2.40975,2.41084,1.00,2.05
2015.08.26 19:02:00.610,2.40985,2.41084,1.00,2.05
2015.08.26 19:02:00.710,2.40975,2.41084,1.00,2.05
2015.08.26 19:02:00.829,2.40959,2.41046,1.00,1.84
2015.08.26 19:02:01.068,2.40946,2.41046,1.87,2.21
2015.08.26 19:02:01.221,2.40954,2.41033,1.00,1.09
2015.08.26 19:02:01.321,2.40945,2.41033,1.00,1.09
2015.08.26 19:02:01.422,2.40953,2.41044,1.00,1.09
2015.08.26 19:02:02.639,2.40958,2.41044,1.00,1.09
2015.08.26 19:02:02.740,2.4095,2.41044,1.00,1.09
2015.08.26 19:02:03.029,2.40941,2.41044,1.00,1.09
2015.08.26 19:02:03.129,2.40948,2.41027,1.00,1.09
2015.08.26 19:02:06.195,2.40955,2.41027,1.00,1.09
2015.08.26 19:02:06.921,2.40963,2.41043,1.00,1.09
2015.08.26 19:02:07.149,2.40955,2.41043,1.00,1.09
2015.08.26 19:02:07.200,2.40963,2.41043,1.00,1.09
2015.08.26 19:02:07.300,2.40954,2.41043,1.00,1.09
2015.08.26 19:02:07.501,2.40963,2.41043,1.00,1.09
2015.08.26 19:02:07.739,2.40954,2.41043,1.00,1.09
2015.08.26 19:02:07.801,2.40962,2.41043,1.00,1.09
2015.08.26 19:02:07.901,2.40954,2.41043,1.00,1.09
2015.08.26 19:02:08.001,2.40963,2.41043,1.00,1.09
2015.08.26 19:02:08.588,2.40962,2.41043,1.00,1.09
2015.08.26 19:02:08.639,2.40954,2.41043,1.00,1.09
2015.08.26 19:02:08.740,2.40963,2.41043,1.00,1.09
2015.08.26 19:02:08.841,2.40955,2.41043,1.00,1.09
2015.08.26 19:02:10.778,2.40955,2.41062,1.00,2.05
2015.08.26 19:02:11.030,2.40958,2.41062,1.00,2.05
2015.08.26 19:02:12.209,2.40959,2.41062,1.00,2.05
2015.08.26 19:02:12.510,2.40968,2.41062,1.00,2.05
2015.08.26 19:02:15.217,2.40975,2.41062,1.00,2.05
2015.08.26 19:02:15.439,2.40961,2.41062,1.00,2.05
2015.08.26 19:02:16.968,2.40971,2.41055,1.00,1.75
2015.08.26 19:02:17.769,2.40962,2.41056,1.00,1.75
2015.08.26 19:02:17.920,2.40971,2.41056,1.00,1.75
2015.08.26 19:02:18.569,2.40972,2.41056,1.00,1.75
2015.08.26 19:02:18.960,2.40962,2.41056,1.00,1.75
2015.08.26 19:02:21.229,2.40983,2.41055,1.00,1.75
2015.08.26 19:02:21.430,2.40993,2.41081,1.00,1.75
2015.08.26 19:02:21.531,2.40991,2.4108,1.00,1.75
2015.08.26 19:02:22.065,2.40984,2.4108,1.00,1.75
2015.08.26 19:02:22.216,2.40984,2.41071,1.00,2.05
2015.08.26 19:02:22.367,2.40978,2.41065,1.00,1.75
2015.08.26 19:02:22.468,2.40983,2.41065,1.00,1.75
2015.08.26 19:02:23.161,2.40981,2.41065,1.00,1.75
2015.08.26 19:02:23.363,2.40979,2.41066,1.00,1.75
2015.08.26 19:02:23.650,2.40976,2.41066,1.00,1.75
2015.08.26 19:02:23.751,2.40961,2.41065,1.00,1.75
2015.08.26 19:02:24.249,2.40974,2.41066,1.00,1.75
2015.08.26 19:02:24.708,2.40976,2.41066,1.00,1.75
2015.08.26 19:02:25.181,2.40986,2.41066,1.00,1.75
2015.08.26 19:02:25.332,2.4099,2.41081,1.00,1.75
2015.08.26 19:02:25.433,2.40985,2.41081,1.00,1.75
2015.08.26 19:02:26.261,2.4099,2.41082,1.00,1.75
2015.08.26 19:02:26.788,2.41011,2.41093,1.00,1.09
2015.08.26 19:02:26.839,2.41011,2.41097,1.00,1.09
2015.08.26 19:02:26.889,2.41015,2.41097,1.00,1.09
2015.08.26 19:02:27.242,2.41017,2.41109,1.00,1.09
2015.08.26 19:02:27.553,2.41005,2.41109,1.00,1.09
2015.08.26 19:02:29.783,2.41006,2.41109,1.00,1.09
2015.08.26 19:02:30.198,2.41011,2.41109,1.00,1.09
2015.08.26 19:02:32.199,2.41017,2.41109,1.00,1.09
2015.08.26 19:02:32.558,2.41018,2.41116,1.00,1.09
2015.08.26 19:02:34.159,2.41031,2.41116,1.00,1.09
2015.08.26 19:02:34.360,2.41026,2.41116,1.00,1.09
2015.08.26 19:02:34.862,2.41027,2.41116,1.00,1.09
2015.08.26 19:02:35.900,2.41034,2.41116,1.00,1.09
2015.08.26 19:02:36.528,2.41034,2.41109,1.00,1.09
2015.08.26 19:02:36.578,2.41032,2.41109,1.00,1.09
2015.08.26 19:02:36.679,2.41017,2.41109,1.00,1.09
2015.08.26 19:02:37.415,2.41027,2.41109,1.00,1.09
2015.08.26 19:02:37.717,2.4099,2.4107,1.00,1.09
2015.08.26 19:02:37.868,2.40984,2.41058,1.00,1.09
2015.08.26 19:02:37.969,2.40983,2.41057,1.00,1.09
2015.08.26 19:02:38.069,2.4098,2.41057,1.00,1.09
2015.08.26 19:02:39.488,2.40971,2.41057,1.00,1.09
2015.08.26 19:02:39.592,2.40976,2.41057,1.00,1.09
2015.08.26 19:02:39.933,2.40976,2.41053,1.00,2.05
2015.08.26 19:02:39.984,2.40972,2.41051,1.00,1.75
2015.08.26 19:02:40.319,2.4097,2.41051,1.00,1.75
2015.08.26 19:02:41.027,2.40971,2.4105,1.00,1.75
2015.08.26 19:02:41.078,2.40973,2.41051,1.00,1.75
2015.08.26 19:02:42.079,2.40969,2.4105,1.00,1.75
2015.08.26 19:02:42.180,2.40972,2.4105,1.00,1.75
2015.08.26 19:02:42.280,2.40965,2.41051,1.00,1.75
2015.08.26 19:02:42.382,2.4097,2.4105,1.00,1.75
2015.08.26 19:02:42.696,2.40973,2.4105,1.00,1.75
2015.08.26 19:02:42.897,2.40963,2.41051,1.00,1.75
2015.08.26 19:02:44.582,2.40972,2.41051,1.00,1.75
2015.08.26 19:02:47.229,2.40975,2.41057,1.00,1.09
2015.08.26 19:02:47.380,2.40975,2.41057,1.00,1.09
2015.08.26 19:02:47.443,2.40975,2.41057,1.00,1.09
2015.08.26 19:02:48.467,2.40974,2.41057,1.00,1.09
2015.08.26 19:02:49.792,2.40969,2.41057,1.00,1.09
2015.08.26 19:02:49.847,2.40969,2.41054,1.00,1.09
2015.08.26 19:02:51.195,2.4097,2.41037,1.00,1.09
2015.08.26 19:02:52.724,2.4096,2.41037,1.00,1.09
2015.08.26 19:02:53.202,2.40971,2.41037,1.00,1.09
2015.08.26 19:02:53.342,2.40967,2.41037,1.00,1.09
2015.08.26 19:02:53.398,2.40969,2.41037,1.00,1.09
2015.08.26 19:02:53.908,2.40965,2.41037,1.00,1.09
2015.08.26 19:02:54.008,2.40967,2.41037,1.00,1.09
2015.08.26 19:02:54.445,2.40969,2.41037,1.00,1.09
2015.08.26 19:02:56.003,2.4097,2.41037,1.00,1.09
2015.08.26 19:02:57.105,2.4096,2.41037,1.00,1.09
2015.08.26 19:02:57.506,2.40969,2.41037,1.00,1.09
2015.08.26 19:02:58.928,2.4096,2.41037,1.00,1.09
2015.08.26 19:02:59.106,2.40971,2.41037,1.00,1.09
2015.08.26 19:02:59.157,2.4096,2.41037,1.00,1.09
2015.08.26 19:02:59.711,2.40969,2.41037,1.00,1.09
2015.08.26 19:03:00.288,2.4097,2.41037,1.00,1.09
2015.08.26 19:03:00.914,2.40968,2.41037,1.00,1.09
2015.08.26 19:03:01.137,2.40965,2.41037,1.00,1.09
2015.08.26 19:03:01.739,2.40964,2.41037,1.00,1.09
2015.08.26 19:03:02.418,2.40945,2.41037,1.00,1.09
2015.08.26 19:03:02.666,2.40962,2.41037,1.00,1.09
2015.08.26 19:03:02.867,2.40942,2.41037,1.00,1.09
2015.08.26 19:03:02.968,2.40959,2.41037,1.00,1.09
2015.08.26 19:03:03.293,2.40965,2.41037,1.00,1.09
2015.08.26 19:03:03.758,2.40969,2.41037,1.00,1.09
2015.08.26 19:03:04.109,2.40971,2.41037,1.00,1.09
2015.08.26 19:03:04.159,2.40963,2.41037,1.00,1.09
2015.08.26 19:03:04.472,2.40981,2.41037,1.00,1.09
2015.08.26 19:03:04.875,2.40964,2.41037,1.00,1.09
2015.08.26 19:03:04.976,2.40978,2.41037,1.00,1.09
2015.08.26 19:03:05.411,2.40964,2.41042,1.00,1.09
2015.08.26 19:03:06.527,2.40964,2.41051,1.00,1.75
2015.08.26 19:03:09.637,2.4097,2.41058,1.00,1.75
2015.08.26 19:03:09.788,2.40963,2.41059,1.00,1.75
2015.08.26 19:03:10.169,2.40969,2.41059,1.00,1.75
2015.08.26 19:03:10.568,2.40972,2.41059,1.00,1.75
2015.08.26 19:03:10.741,2.4097,2.41059,1.00,1.75
2015.08.26 19:03:10.841,2.4097,2.41059,1.00,1.75
2015.08.26 19:03:10.894,2.4097,2.41059,1.00,1.75
2015.08.26 19:03:10.945,2.40968,2.41059,1.00,1.75
2015.08.26 19:03:11.278,2.40964,2.41059,1.00,1.75
2015.08.26 19:03:13.889,2.40963,2.41058,1.00,1.75
2015.08.26 19:03:14.264,2.40963,2.41058,1.00,1.75
2015.08.26 19:03:15.420,2.40965,2.41059,1.00,1.75
2015.08.26 19:03:18.340,2.40966,2.41058,1.00,1.75
2015.08.26 19:03:20.186,2.40972,2.41059,1.00,1.75
2015.08.26 19:03:20.287,2.40972,2.41058,1.00,1.75
2015.08.26 19:03:20.338,2.40972,2.41058,1.00,1.75
2015.08.26 19:03:22.764,2.40984,2.41059,1.00,1.75
2015.08.26 19:03:24.102,2.40972,2.41063,1.00,1.09
2015.08.26 19:03:28.875,2.40973,2.41063,1.00,1.09
2015.08.26 19:03:29.518,2.40983,2.41063,1.00,1.09
2015.08.26 19:03:29.877,2.40977,2.41063,1.00,1.09
2015.08.26 19:03:30.278,2.40975,2.41063,1.00,1.09
2015.08.26 19:03:30.378,2.40978,2.41063,1.00,1.09
2015.08.26 19:03:31.380,2.40979,2.41063,1.00,1.09
2015.08.26 19:03:32.281,2.40978,2.41063,1.00,1.09
2015.08.26 19:03:32.510,2.40976,2.41063,1.00,1.09
2015.08.26 19:03:33.116,2.40977,2.41063,1.00,1.09
2015.08.26 19:03:36.467,2.40977,2.41063,1.00,1.09
2015.08.26 19:03:37.047,2.40978,2.41064,1.00,1.09
2015.08.26 19:03:37.728,2.40976,2.41064,1.00,1.09
2015.08.26 19:03:38.489,2.40977,2.41064,1.00,1.09
2015.08.26 19:03:40.943,2.40976,2.41064,1.00,1.09
2015.08.26 19:03:41.446,2.40978,2.41064,1.00,1.09
2015.08.26 19:03:42.399,2.40977,2.41064,1.00,1.09
2015.08.26 19:03:43.677,2.40977,2.41064,1.00,1.09
2015.08.26 19:03:43.728,2.40972,2.41064,1.00,1.09
2015.08.26 19:03:44.203,2.40969,2.41064,1.00,1.09
2015.08.26 19:03:44.303,2.40972,2.41064,1.00,1.09
2015.08.26 19:03:45.410,2.40976,2.41064,1.00,1.09
2015.08.26 19:03:46.136,2.4097,2.41064,1.00,1.09
2015.08.26 19:03:47.110,2.40971,2.41064,1.00,1.09
2015.08.26 19:03:47.710,2.40968,2.41064,1.00,1.09
2015.08.26 19:03:47.905,2.40971,2.41064,1.00,1.09
2015.08.26 19:03:47.956,2.40967,2.41064,1.00,1.09
2015.08.26 19:03:48.460,2.40972,2.41064,1.00,1.09
2015.08.26 19:03:48.714,2.40969,2.41049,1.00,1.75
2015.08.26 19:03:49.435,2.4097,2.41049,1.00,1.75
2015.08.26 19:03:50.315,2.40968,2.41049,1.00,1.75
2015.08.26 19:03:50.416,2.40971,2.41049,1.00,1.75
2015.08.26 19:03:51.417,2.4097,2.41049,1.00,1.75
2015.08.26 19:03:53.648,2.40968,2.4105,1.00,1.75
2015.08.26 19:03:54.056,2.40971,2.41049,1.00,1.75
2015.08.26 19:03:54.659,2.40972,2.4105,1.00,1.75
2015.08.26 19:03:55.125,2.40969,2.4105,1.00,1.75
2015.08.26 19:03:55.766,2.4097,2.41049,1.00,1.75
2015.08.26 19:03:56.806,2.4097,2.41049,1.00,1.75
2015.08.26 19:03:57.316,2.40971,2.4105,1.00,1.75
2015.08.26 19:03:57.430,2.40969,2.4105,1.00,1.75
2015.08.26 19:03:58.432,2.40968,2.4105,1.00,1.75
2015.08.26 19:03:58.675,2.4097,2.4105,1.00,1.75
2015.08.26 19:03:59.328,2.40969,2.41049,1.00,1.75
2015.08.26 19:03:59.680,2.40971,2.4105,1.00,1.75
2015.08.26 19:03:59.837,2.40969,2.4105,1.00,1.75
2015.08.26 19:04:00.483,2.4097,2.41049,1.00,1.75
2015.08.26 19:04:01.026,2.40971,2.41049,1.00,1.75
2015.08.26 19:04:01.186,2.40966,2.4105,1.00,1.75
2015.08.26 19:04:01.266,2.40969,2.4105,1.00,1.75
2015.08.26 19:04:01.823,2.4097,2.4105,1.00,1.75
2015.08.26 19:04:02.943,2.40973,2.4105,1.00,1.75
2015.08.26 19:04:03.444,2.40969,2.41049,1.00,1.75
2015.08.26 19:04:03.495,2.40969,2.41034,1.00,1.09
2015.08.26 19:04:03.797,2.40973,2.41034,1.00,1.09
2015.08.26 19:04:03.948,2.40971,2.41034,1.00,1.09
2015.08.26 19:04:04.286,2.40967,2.41034,1.00,1.09
2015.08.26 19:04:04.548,2.40963,2.41034,1.00,1.09
2015.08.26 19:04:04.947,2.40965,2.41034,1.00,1.09
2015.08.26 19:04:05.376,2.40968,2.41034,1.00,1.09
2015.08.26 19:04:06.077,2.40945,2.41034,1.00,1.09
2015.08.26 19:04:06.177,2.40965,2.41034,1.00,1.09
2015.08.26 19:04:06.649,2.40944,2.41034,1.00,1.09
2015.08.26 19:04:07.259,2.40945,2.41034,1.00,1.09
2015.08.26 19:04:07.360,2.40953,2.41034,1.00,1.09
2015.08.26 19:04:07.753,2.40956,2.41034,1.00,1.09
2015.08.26 19:04:08.266,2.40957,2.41034,1.00,1.09
2015.08.26 19:04:08.876,2.40943,2.41034,1.00,1.09
2015.08.26 19:04:08.977,2.40952,2.41034,1.00,1.09
2015.08.26 19:04:09.326,2.40952,2.41018,1.00,1.09
2015.08.26 19:04:09.377,2.40949,2.41018,1.00,1.09
2015.08.26 19:04:09.908,2.4095,2.41018,1.00,1.09
2015.08.26 19:04:11.561,2.40951,2.41018,1.00,1.09
2015.08.26 19:04:11.667,2.40955,2.41018,1.00,1.09
2015.08.26 19:04:11.818,2.40956,2.4103,1.00,1.09
2015.08.26 19:04:12.348,2.40957,2.4103,1.00,1.09
2015.08.26 19:04:12.779,2.4096,2.4103,1.00,1.09
2015.08.26 19:04:13.377,2.40961,2.4103,1.00,1.09
2015.08.26 19:04:14.007,2.40966,2.4103,1.00,1.09
2015.08.26 19:04:14.108,2.4095,2.4103,1.00,1.09
2015.08.26 19:04:14.168,2.40958,2.4103,1.00,1.09
2015.08.26 19:04:14.268,2.4095,2.4103,1.00,1.09
2015.08.26 19:04:14.969,2.40949,2.4103,1.00,1.09
2015.08.26 19:04:15.470,2.40948,2.4103,1.00,1.09
2015.08.26 19:04:16.087,2.40962,2.4103,1.00,1.09
2015.08.26 19:04:17.975,2.40963,2.4103,1.00,1.09
2015.08.26 19:04:18.576,2.40961,2.4103,1.00,1.09
2015.08.26 19:04:19.087,2.40948,2.4103,1.00,1.09
2015.08.26 19:04:19.667,2.40947,2.4103,1.00,1.09
2015.08.26 19:04:20.529,2.40958,2.4103,1.00,1.09
2015.08.26 19:04:21.686,2.40956,2.4103,1.00,1.09
2015.08.26 19:04:22.706,2.40953,2.4103,1.00,1.09
2015.08.26 19:04:22.807,2.40953,2.4103,1.00,1.09
2015.08.26 19:04:23.921,2.40951,2.4103,1.00,1.09
2015.08.26 19:04:24.506,2.40952,2.4103,1.00,1.09
2015.08.26 19:04:24.594,2.40955,2.4103,1.00,1.09
2015.08.26 19:04:25.647,2.40957,2.4103,1.00,1.09
2015.08.26 19:04:26.040,2.40933,2.40992,1.00,1.84
2015.08.26 19:04:26.343,2.40937,2.40992,1.00,1.84
2015.08.26 19:04:26.901,2.40934,2.40992,1.00,1.84
2015.08.26 19:04:26.952,2.40927,2.40992,1.00,1.84
2015.08.26 19:04:27.003,2.40938,2.40992,1.00,1.84
2015.08.26 19:04:27.304,2.40941,2.41017,1.00,1.09
2015.08.26 19:04:27.405,2.40939,2.41017,1.00,1.09
2015.08.26 19:04:27.607,2.40926,2.41017,1.00,1.09
2015.08.26 19:04:27.803,2.40937,2.41017,1.00,1.09
2015.08.26 19:04:28.105,2.4094,2.41017,1.00,1.09
2015.08.26 19:04:30.010,2.40938,2.41017,1.00,1.09
2015.08.26 19:04:30.511,2.40932,2.41017,1.00,1.09
2015.08.26 19:04:31.414,2.40933,2.41017,1.00,1.09
2015.08.26 19:04:33.017,2.4093,2.41017,1.00,1.09
2015.08.26 19:04:34.419,2.40934,2.41017,1.00,1.09
2015.08.26 19:04:34.721,2.40937,2.41027,1.00,2.21
2015.08.26 19:04:35.265,2.40936,2.41027,1.00,2.21
2015.08.26 19:04:35.583,2.40945,2.41027,1.00,2.21
2015.08.26 19:04:35.885,2.40947,2.41027,1.00,1.84
2015.08.26 19:04:36.137,2.40934,2.41027,1.00,1.84
2015.08.26 19:04:36.425,2.40943,2.41027,1.00,1.84
2015.08.26 19:04:37.046,2.40942,2.41027,1.00,1.84
2015.08.26 19:04:37.828,2.40944,2.41027,1.00,1.84
2015.08.26 19:04:39.548,2.40934,2.41027,1.00,1.84
2015.08.26 19:04:40.250,2.40943,2.41027,1.00,1.84
2015.08.26 19:04:43.439,2.40944,2.41027,1.00,1.84
2015.08.26 19:04:45.546,2.40945,2.41027,1.00,1.84
2015.08.26 19:04:46.289,2.40973,2.41027,1.00,1.84
2015.08.26 19:04:46.825,2.40972,2.41027,1.00,1.84
2015.08.26 19:04:47.035,2.40921,2.41024,1.75,1.84
2015.08.26 19:04:47.286,2.40911,2.41039,2.05,2.21
2015.08.26 19:04:48.031,2.40911,2.4104,2.05,1.09
2015.08.26 19:04:48.082,2.40971,2.4104,1.00,1.09
2015.08.26 19:04:48.415,2.40964,2.4104,1.00,1.09
2015.08.26 19:04:52.659,2.40965,2.4104,1.00,1.09
2015.08.26 19:04:53.107,2.40961,2.41035,1.00,1.09
2015.08.26 19:04:53.264,2.40961,2.41048,1.00,1.75
2015.08.26 19:04:53.322,2.40961,2.41046,1.00,2.05
2015.08.26 19:04:53.372,2.4095,2.41043,1.00,2.05
2015.08.26 19:04:53.810,2.40944,2.41033,1.00,1.75
2015.08.26 19:04:53.911,2.40926,2.41033,1.00,1.75
2015.08.26 19:04:53.962,2.40947,2.41033,1.00,1.75
2015.08.26 19:04:54.083,2.4094,2.41033,1.00,1.75
2015.08.26 19:04:54.454,2.4094,2.41033,1.00,1.00
2015.08.26 19:04:55.026,2.4094,2.41032,1.00,1.37
2015.08.26 19:04:55.815,2.4094,2.41032,1.00,1.75
2015.08.26 19:04:55.966,2.40938,2.41033,1.00,1.75
2015.08.26 19:04:57.086,2.40942,2.41033,1.00,1.75
2015.08.26 19:04:57.187,2.40927,2.41032,1.00,1.75
2015.08.26 19:04:57.569,2.40935,2.41033,1.00,1.75
2015.08.26 19:04:57.918,2.40937,2.41033,1.00,1.75
2015.08.26 19:04:58.436,2.40938,2.41032,1.00,1.75
2015.08.26 19:04:58.766,2.40944,2.41033,1.00,1.75
2015.08.26 19:04:58.816,2.4094,2.41033,1.00,1.75
2015.08.26 19:04:59.412,2.40937,2.41033,1.00,1.75
2015.08.26 19:04:59.935,2.40936,2.41033,1.00,1.75
2015.08.26 19:05:00.575,2.40937,2.41032,1.00,1.75
2015.08.26 19:05:03.117,2.40943,2.41032,1.00,1.75
2015.08.26 19:05:03.469,2.40939,2.41033,1.00,1.75
2015.08.26 19:05:03.730,2.40934,2.41033,1.00,1.75
2015.08.26 19:05:03.831,2.40946,2.41033,1.00,1.75
2015.08.26 19:05:04.138,2.40953,2.41032,1.00,1.75
2015.08.26 19:05:04.289,2.4094,2.41044,1.00,2.05
2015.08.26 19:05:04.390,2.40953,2.41044,1.00,2.05
2015.08.26 19:05:08.935,2.40941,2.41044,1.00,2.47
2015.08.26 19:05:09.036,2.40947,2.4103,1.00,1.75
2015.08.26 19:05:09.193,2.40945,2.41044,1.00,2.47
2015.08.26 19:05:09.244,2.4095,2.41044,1.00,2.05
2015.08.26 19:05:10.159,2.4095,2.41039,1.00,2.05
2015.08.26 19:05:10.210,2.40945,2.41037,1.00,2.05
2015.08.26 19:05:11.619,2.40944,2.41037,1.00,2.05
2015.08.26 19:05:12.116,2.40942,2.4103,1.00,1.75
2015.08.26 19:05:12.217,2.40935,2.41031,1.00,1.75
2015.08.26 19:05:12.741,2.40939,2.41031,1.00,1.75
2015.08.26 19:05:13.730,2.4095,2.4103,1.00,1.75
2015.08.26 19:05:15.110,2.40951,2.4103,1.00,1.75
2015.08.26 19:05:15.281,2.40952,2.41031,1.00,1.75
2015.08.26 19:05:15.583,2.40946,2.41047,1.00,1.75
2015.08.26 19:05:15.634,2.40954,2.41047,1.00,1.75
2015.08.26 19:05:16.637,2.40957,2.41047,1.00,1.75
2015.08.26 19:05:16.739,2.40948,2.41046,1.00,1.75
2015.08.26 19:05:17.289,2.40947,2.41047,1.00,1.75
2015.08.26 19:05:17.556,2.40944,2.41041,1.00,1.75
2015.08.26 19:05:18.129,2.40945,2.41041,1.00,1.75
2015.08.26 19:05:20.220,2.40952,2.41046,1.00,1.75
2015.08.26 19:05:20.429,2.40946,2.41046,1.00,1.75
2015.08.26 19:05:26.249,2.40947,2.41047,1.00,1.75
2015.08.26 19:05:26.350,2.40952,2.41047,1.00,1.75
2015.08.26 19:05:27.650,2.40951,2.41047,1.00,1.75
2015.08.26 19:05:27.771,2.40948,2.41046,1.00,1.75
2015.08.26 19:05:28.289,2.40949,2.41046,1.00,1.75
2015.08.26 19:05:29.036,2.40948,2.41047,1.00,1.75
2015.08.26 19:05:29.259,2.40961,2.41046,1.00,1.75
2015.08.26 19:05:29.637,2.40956,2.41046,1.00,1.75
2015.08.26 19:05:29.738,2.4095,2.41047,1.00,1.75
2015.08.26 19:05:30.349,2.40951,2.41047,1.00,1.75
2015.08.26 19:05:30.490,2.40952,2.41046,1.00,1.75
2015.08.26 19:05:30.540,2.40949,2.41045,1.00,2.05
2015.08.26 19:05:30.641,2.40953,2.41045,1.00,2.05
2015.08.26 19:05:30.974,2.40957,2.41045,1.00,2.05
2015.08.26 19:05:31.400,2.40959,2.41045,1.00,2.05
2015.08.26 19:05:31.951,2.40961,2.41045,1.00,2.05
2015.08.26 19:05:32.252,2.40961,2.41049,1.00,1.75
2015.08.26 19:05:32.353,2.40967,2.41049,1.00,1.75
2015.08.26 19:05:33.144,2.40965,2.41048,1.00,1.75
2015.08.26 19:05:34.859,2.40957,2.41049,1.00,1.75
2015.08.26 19:05:34.960,2.40962,2.41049,1.00,1.75
2015.08.26 19:05:35.171,2.40947,2.41048,1.00,1.75
2015.08.26 19:05:35.379,2.40962,2.41049,1.00,1.75
2015.08.26 19:05:35.479,2.40958,2.41049,1.00,1.75
2015.08.26 19:05:36.198,2.40958,2.41048,1.00,1.75
2015.08.26 19:05:36.758,2.40958,2.41048,1.00,2.47
2015.08.26 19:05:37.311,2.40959,2.41048,1.00,2.05
2015.08.26 19:05:37.362,2.40942,2.41048,1.00,2.05
2015.08.26 19:05:37.463,2.40953,2.41048,1.00,2.47
2015.08.26 19:05:37.860,2.40963,2.41048,1.00,2.05
2015.08.26 19:05:37.961,2.40963,2.41048,1.00,1.75
2015.08.26 19:05:38.564,2.40961,2.41048,1.00,1.75
2015.08.26 19:05:38.765,2.40963,2.41048,1.00,1.75
2015.08.26 19:05:39.099,2.40965,2.41049,1.00,1.75
2015.08.26 19:05:39.300,2.40961,2.41048,1.00,1.75
2015.08.26 19:05:39.759,2.40967,2.41049,1.00,1.75
2015.08.26 19:05:41.029,2.40959,2.41048,1.00,1.75
2015.08.26 19:05:41.180,2.40948,2.41048,1.00,1.75
2015.08.26 19:05:41.987,2.40965,2.41048,1.00,1.75
2015.08.26 19:05:42.465,2.40957,2.41048,1.00,1.75
2015.08.26 19:05:42.666,2.40957,2.41046,1.00,2.05
2015.08.26 19:05:43.368,2.4091,2.41046,1.75,2.05
2015.08.26 19:05:43.490,2.40925,2.41041,1.00,1.75
2015.08.26 19:05:43.829,2.40928,2.41031,1.00,1.75
2015.08.26 19:05:44.150,2.40935,2.41031,1.00,1.75
2015.08.26 19:05:44.499,2.40937,2.4103,1.00,1.75
2015.08.26 19:05:44.825,2.40939,2.4103,1.00,1.75
2015.08.26 19:05:45.128,2.40941,2.41031,1.00,1.75
2015.08.26 19:05:45.279,2.40927,2.41027,1.00,1.75
2015.08.26 19:05:45.329,2.40927,2.41008,1.00,1.37
2015.08.26 19:05:45.480,2.40941,2.41035,1.00,1.75
2015.08.26 19:05:45.572,2.40944,2.41035,1.00,1.75
2015.08.26 19:05:46.101,2.40943,2.41035,1.00,1.75
2015.08.26 19:05:46.402,2.40956,2.41034,1.00,1.75
2015.08.26 19:05:46.679,2.40947,2.41049,1.00,1.75
2015.08.26 19:05:46.912,2.40953,2.4105,1.00,1.75
2015.08.26 19:05:47.489,2.40955,2.4105,1.00,1.75
2015.08.26 19:05:47.699,2.40951,2.41049,1.00,1.75
2015.08.26 19:05:48.688,2.40946,2.41031,1.00,1.00
2015.08.26 19:05:48.789,2.40953,2.4105,1.00,1.75
2015.08.26 19:05:48.990,2.40949,2.4105,1.00,1.75
2015.08.26 19:05:49.091,2.40951,2.4105,1.00,1.75
2015.08.26 19:05:49.408,2.4095,2.41041,1.00,2.05
2015.08.26 19:05:49.946,2.40951,2.41041,1.00,2.05
2015.08.26 19:05:50.269,2.40954,2.41041,1.00,2.05
2015.08.26 19:05:50.481,2.40954,2.4105,1.00,1.75
2015.08.26 19:05:51.020,2.40936,2.41049,1.00,1.75
2015.08.26 19:05:51.890,2.4095,2.4105,1.00,1.75
2015.08.26 19:05:52.209,2.40953,2.4105,1.00,1.75
2015.08.26 19:05:52.848,2.40954,2.4105,1.00,1.75
2015.08.26 19:05:53.196,2.40964,2.4105,1.00,1.75
2015.08.26 19:05:53.698,2.40965,2.41049,1.00,1.75
2015.08.26 19:05:55.603,2.40961,2.4105,1.00,1.75
2015.08.26 19:05:56.240,2.40956,2.4105,1.00,1.75
2015.08.26 19:05:56.942,2.40953,2.41049,1.00,1.75
2015.08.26 19:05:57.739,2.40954,2.41049,1.00,1.75
2015.08.26 19:05:59.030,2.40952,2.41049,1.00,1.75
2015.08.26 19:06:00.729,2.40955,2.41049,1.00,1.75
2015.08.26 19:06:01.031,2.40958,2.41049,1.00,1.75
2015.08.26 19:06:01.420,2.40956,2.41049,1.00,1.75
2015.08.26 19:06:02.248,2.40954,2.41049,1.00,1.75
2015.08.26 19:06:03.225,2.40955,2.41048,1.00,1.75
2015.08.26 19:06:03.569,2.40938,2.41048,1.00,1.75
2015.08.26 19:06:04.338,2.40951,2.41049,1.00,1.75
2015.08.26 19:06:04.679,2.40954,2.41049,1.00,1.75
2015.08.26 19:06:05.222,2.40955,2.41049,1.00,1.75
2015.08.26 19:06:05.578,2.40957,2.41048,1.00,1.75
2015.08.26 19:06:05.628,2.40957,2.41048,1.00,1.75
2015.08.26 19:06:05.679,2.40959,2.41048,1.00,1.75
2015.08.26 19:06:06.168,2.40957,2.41048,1.00,1.75
2015.08.26 19:06:06.269,2.4096,2.41049,1.00,1.75
2015.08.26 19:06:06.793,2.40961,2.41048,1.00,1.75
2015.08.26 19:06:06.843,2.40959,2.41048,1.00,1.75
2015.08.26 19:06:07.058,2.40961,2.41049,1.00,1.75
2015.08.26 19:06:07.360,2.40956,2.41048,1.00,1.75
2015.08.26 19:06:08.050,2.40957,2.41048,1.00,1.75
2015.08.26 19:06:08.238,2.4096,2.41048,1.00,1.75
2015.08.26 19:06:08.649,2.40958,2.41049,1.00,1.75
2015.08.26 19:06:09.039,2.4096,2.41049,1.00,1.75
2015.08.26 19:06:09.485,2.40958,2.41048,1.00,1.75
2015.08.26 19:06:09.586,2.40955,2.41048,1.00,1.75
2015.08.26 19:06:09.687,2.40942,2.41049,1.00,1.75
2015.08.26 19:06:09.737,2.40942,2.41049,1.00,1.75
2015.08.26 19:06:10.056,2.40949,2.41034,1.00,1.09
2015.08.26 19:06:10.888,2.40948,2.41034,1.00,1.09
2015.08.26 19:06:12.458,2.40949,2.41034,1.00,1.09
2015.08.26 19:06:12.559,2.40945,2.41034,1.00,1.09
2015.08.26 19:06:13.171,2.40946,2.41034,1.00,1.09
2015.08.26 19:06:14.506,2.40948,2.41022,1.00,1.09
2015.08.26 19:06:15.220,2.4095,2.41022,1.00,1.09
2015.08.26 19:06:15.522,2.40971,2.41042,1.00,1.09
2015.08.26 19:06:16.674,2.40969,2.41042,1.00,1.09
2015.08.26 19:06:17.199,2.40968,2.41042,1.00,1.09
2015.08.26 19:06:18.300,2.40966,2.41042,1.00,1.09
2015.08.26 19:06:18.776,2.40964,2.41042,1.00,1.09
2015.08.26 19:06:20.287,2.40965,2.41042,1.00,1.09
2015.08.26 19:06:24.378,2.40965,2.41042,1.00,1.09
2015.08.26 19:06:24.518,2.40969,2.41042,1.00,1.09
2015.08.26 19:06:25.592,2.40972,2.41055,1.00,1.09
2015.08.26 19:06:26.293,2.40975,2.41055,1.00,1.09
2015.08.26 19:06:29.625,2.4097,2.41055,1.00,1.09
2015.08.26 19:06:29.726,2.40974,2.41055,1.00,1.09
2015.08.26 19:06:30.099,2.40972,2.41055,1.00,1.09
2015.08.26 19:06:30.801,2.40974,2.41055,1.00,1.09
2015.08.26 19:06:30.902,2.40972,2.41055,1.00,1.09
2015.08.26 19:06:33.106,2.40976,2.41055,1.00,1.09
2015.08.26 19:06:35.057,2.40974,2.41055,1.00,1.09
2015.08.26 19:06:39.341,2.40958,2.41055,1.00,1.09
2015.08.26 19:06:39.955,2.40959,2.41055,1.00,1.34
2015.08.26 19:06:40.156,2.40975,2.41057,1.00,1.09
2015.08.26 19:06:41.167,2.40976,2.41057,1.00,1.09
2015.08.26 19:06:41.597,2.40979,2.41057,1.00,1.09
2015.08.26 19:06:42.846,2.4098,2.41057,1.00,1.09
2015.08.26 19:06:43.358,2.40987,2.41057,1.00,1.09
2015.08.26 19:06:45.484,2.40985,2.41066,1.00,1.09
2015.08.26 19:06:45.535,2.40988,2.41066,1.00,1.09
2015.08.26 19:06:45.834,2.40986,2.41066,1.00,1.09
2015.08.26 19:06:46.548,2.4099,2.41066,1.00,1.09
2015.08.26 19:06:46.649,2.40978,2.41066,1.00,1.09
2015.08.26 19:06:46.749,2.40987,2.41066,1.00,1.09
2015.08.26 19:06:46.955,2.40976,2.41066,1.00,1.09
2015.08.26 19:06:47.106,2.40986,2.41066,1.00,1.09
2015.08.26 19:06:47.517,2.40986,2.41043,1.00,1.84
2015.08.26 19:06:47.639,2.40978,2.41043,1.00,1.84
2015.08.26 19:06:47.740,2.40974,2.41043,1.00,1.84
2015.08.26 19:06:48.372,2.40971,2.41043,1.00,1.84
2015.08.26 19:06:48.892,2.4097,2.41043,1.00,1.84
2015.08.26 19:06:50.266,2.40969,2.41043,1.00,1.84
2015.08.26 19:06:50.867,2.4097,2.41043,1.00,1.84
2015.08.26 19:06:51.547,2.40969,2.41043,1.00,1.84
2015.08.26 19:06:52.107,2.4097,2.41043,1.00,1.84
2015.08.26 19:06:52.234,2.40966,2.41043,1.00,1.84
2015.08.26 19:06:53.257,2.40962,2.4104,1.00,1.09
2015.08.26 19:06:53.687,2.40957,2.4104,1.00,1.09
2015.08.26 19:06:57.801,2.40959,2.4104,1.00,1.09
2015.08.26 19:06:58.963,2.40958,2.4104,1.00,1.09
2015.08.26 19:06:59.464,2.40959,2.4104,1.00,1.09
2015.08.26 19:06:59.580,2.40957,2.4104,1.00,1.09
2015.08.26 19:07:00.366,2.40958,2.4104,1.00,1.09
2015.08.26 19:07:00.897,2.40959,2.4104,1.00,1.09
2015.08.26 19:07:02.922,2.40958,2.4104,1.00,1.09
2015.08.26 19:07:04.086,2.40959,2.4104,1.00,1.09
2015.08.26 19:07:05.197,2.40944,2.4104,1.00,1.09
2015.08.26 19:07:05.500,2.40959,2.4104,1.00,1.09
2015.08.26 19:07:06.838,2.4096,2.4104,1.00,1.09
2015.08.26 19:07:07.516,2.4096,2.41045,1.00,1.09
2015.08.26 19:07:07.617,2.40954,2.41045,1.00,1.09
2015.08.26 19:07:07.718,2.40955,2.41045,1.00,1.09
2015.08.26 19:07:07.819,2.40955,2.41045,1.00,1.09
2015.08.26 19:07:07.919,2.40962,2.41045,1.00,1.09
2015.08.26 19:07:08.410,2.40952,2.41045,1.00,1.09
2015.08.26 19:07:09.309,2.40964,2.41045,1.00,1.09
2015.08.26 19:07:09.839,2.4097,2.41045,1.00,1.09
2015.08.26 19:07:11.196,2.40964,2.41045,1.00,1.09
2015.08.26 19:07:11.297,2.40958,2.41045,1.00,1.09
2015.08.26 19:07:11.627,2.40967,2.41045,1.00,1.09
2015.08.26 19:07:12.292,2.40974,2.41045,1.00,1.09
2015.08.26 19:07:12.513,2.40978,2.4106,1.00,1.09
2015.08.26 19:07:12.613,2.40976,2.4106,1.00,1.09
2015.08.26 19:07:12.893,2.40979,2.4106,1.00,1.09
2015.08.26 19:07:13.293,2.40977,2.4106,1.00,1.09
2015.08.26 19:07:13.995,2.40976,2.4106,1.00,1.09
2015.08.26 19:07:14.317,2.40967,2.41049,1.00,1.09
2015.08.26 19:07:15.197,2.40978,2.41049,1.00,1.09
2015.08.26 19:07:15.422,2.40976,2.41049,1.00,1.09
2015.08.26 19:07:16.376,2.40972,2.41049,1.00,1.09
2015.08.26 19:07:16.527,2.4097,2.41049,1.00,1.09
2015.08.26 19:07:17.357,2.40969,2.41049,1.00,1.09
2015.08.26 19:07:17.678,2.40967,2.41049,1.00,1.09
2015.08.26 19:07:18.404,2.40968,2.41049,1.00,1.09
2015.08.26 19:07:19.516,2.40968,2.41049,1.00,1.09
2015.08.26 19:07:19.818,2.40974,2.41039,1.00,1.09
2015.08.26 19:07:21.611,2.40962,2.41039,1.00,1.09
2015.08.26 19:07:21.713,2.40949,2.41039,1.00,1.09
2015.08.26 19:07:21.814,2.40944,2.41026,1.00,1.09
2015.08.26 19:07:22.416,2.40943,2.41015,1.00,1.09
2015.08.26 19:07:23.114,2.40944,2.41015,1.00,1.09
2015.08.26 19:07:23.236,2.40939,2.41015,1.00,1.09
2015.08.26 19:07:24.026,2.40938,2.41015,1.00,1.09
2015.08.26 19:07:25.766,2.40942,2.41015,1.00,1.09
2015.08.26 19:07:25.867,2.40937,2.41031,1.00,1.09
2015.08.26 19:07:26.037,2.40947,2.41031,1.00,1.09
2015.08.26 19:07:26.556,2.40946,2.41031,1.00,1.09
2015.08.26 19:07:26.939,2.40944,2.41031,1.00,1.09
2015.08.26 19:07:27.600,2.40943,2.41031,1.00,1.09
2015.08.26 19:07:28.138,2.40942,2.41031,1.00,1.09
2015.08.26 19:07:28.689,2.40943,2.41031,1.00,1.09
2015.08.26 19:07:28.741,2.40945,2.41031,1.00,1.09
2015.08.26 19:07:29.249,2.40948,2.41031,1.00,1.09
2015.08.26 19:07:29.531,2.40946,2.41031,1.00,1.09
2015.08.26 19:07:30.457,2.40947,2.41031,1.00,1.09
2015.08.26 19:07:30.733,2.40925,2.41031,1.00,1.09
2015.08.26 19:07:30.935,2.40927,2.41016,1.00,1.09
2015.08.26 19:07:31.332,2.40945,2.41016,1.00,1.09
2015.08.26 19:07:31.657,2.40949,2.41016,1.00,1.09
2015.08.26 19:07:32.206,2.40951,2.41029,1.00,1.09
2015.08.26 19:07:32.637,2.40949,2.41029,1.00,1.09
2015.08.26 19:07:38.047,2.40951,2.41029,1.00,1.09
2015.08.26 19:07:39.359,2.40947,2.41029,1.00,1.09
2015.08.26 19:07:41.868,2.40927,2.41029,1.00,1.09
2015.08.26 19:07:41.969,2.40942,2.41029,1.00,1.09
2015.08.26 19:07:42.488,2.40941,2.41017,1.00,1.09
2015.08.26 19:07:43.059,2.40944,2.41017,1.00,1.09
2015.08.26 19:07:43.273,2.40942,2.41017,1.00,1.09
2015.08.26 19:07:43.674,2.40945,2.41017,1.00,1.09
2015.08.26 19:07:44.363,2.40943,2.41017,1.00,1.09
2015.08.26 19:07:45.350,2.40946,2.41017,1.00,1.09
2015.08.26 19:07:45.401,2.40941,2.41017,1.00,1.09
2015.08.26 19:07:45.965,2.4094,2.41017,1.00,1.09
2015.08.26 19:07:46.265,2.4094,2.41005,1.00,1.84
2015.08.26 19:07:47.468,2.40939,2.41002,1.00,1.09
2015.08.26 19:07:48.370,2.40936,2.41002,1.00,1.09
2015.08.26 19:07:50.269,2.40936,2.41017,1.00,1.09
2015.08.26 19:07:50.406,2.40929,2.41017,1.00,1.09
2015.08.26 19:07:50.507,2.40929,2.41017,1.00,1.09
2015.08.26 19:07:50.607,2.40929,2.41017,1.00,1.09
2015.08.26 19:07:50.974,2.40934,2.41023,1.00,1.75
2015.08.26 19:07:51.145,2.40931,2.41023,1.00,1.75
2015.08.26 19:07:51.375,2.40936,2.41023,1.00,1.75
2015.08.26 19:07:53.243,2.40936,2.41023,1.00,2.47
2015.08.26 19:07:53.293,2.40932,2.41023,1.00,2.47
2015.08.26 19:07:53.495,2.40935,2.41023,1.00,2.47
2015.08.26 19:07:54.586,2.40933,2.41023,1.00,2.05
2015.08.26 19:07:54.787,2.40919,2.41023,1.00,2.05
2015.08.26 19:07:54.888,2.40933,2.41023,1.00,2.05
2015.08.26 19:07:55.582,2.40928,2.41023,1.00,2.05
2015.08.26 19:07:55.686,2.40908,2.41008,1.00,1.75
2015.08.26 19:07:55.787,2.40902,2.40996,1.00,1.00
2015.08.26 19:07:55.837,2.40902,2.40982,1.00,1.37
2015.08.26 19:07:55.888,2.40889,2.40982,1.00,1.75
2015.08.26 19:07:55.989,2.40886,2.40983,1.00,1.75
2015.08.26 19:07:56.190,2.40888,2.40983,1.00,1.75
2015.08.26 19:07:56.290,2.40886,2.40982,1.00,1.75
2015.08.26 19:07:56.391,2.40888,2.40983,1.00,1.75
2015.08.26 19:07:56.708,2.40877,2.40983,1.00,1.75
2015.08.26 19:07:58.006,2.40876,2.40982,1.00,1.75
2015.08.26 19:07:58.998,2.40878,2.40982,1.00,1.75
2015.08.26 19:07:59.306,2.40872,2.40977,1.00,1.75
2015.08.26 19:07:59.407,2.40869,2.40967,1.00,1.87
2015.08.26 19:07:59.457,2.40869,2.40963,1.00,1.37
2015.08.26 19:08:00.001,2.40867,2.40963,1.00,1.75
2015.08.26 19:08:00.502,2.40868,2.40964,1.00,1.75
2015.08.26 19:08:00.748,2.40865,2.40964,1.00,1.75
2015.08.26 19:08:02.327,2.40869,2.40957,1.00,1.75
2015.08.26 19:08:03.112,2.40871,2.40957,1.00,1.75
2015.08.26 19:08:04.446,2.4087,2.40963,1.00,1.75
2015.08.26 19:08:05.115,2.40868,2.40964,1.00,1.75
2015.08.26 19:08:05.666,2.40869,2.40963,1.00,1.75
2015.08.26 19:08:05.767,2.40873,2.40964,1.00,1.75
2015.08.26 19:08:06.415,2.40874,2.40964,1.00,1.75
2015.08.26 19:08:06.840,2.40876,2.40964,1.00,1.75
2015.08.26 19:08:11.265,2.40874,2.40964,1.00,1.75
2015.08.26 19:08:12.131,2.40871,2.40963,1.00,1.75
2015.08.26 19:08:12.481,2.40873,2.40963,1.00,1.75
2015.08.26 19:08:12.976,2.40871,2.40964,1.00,1.75
2015.08.26 19:08:14.238,2.40877,2.40964,1.00,1.75
2015.08.26 19:08:14.459,2.40872,2.40964,1.00,1.75
2015.08.26 19:08:14.509,2.40872,2.40964,1.00,2.47
2015.08.26 19:08:14.560,2.40858,2.40964,1.00,2.47
2015.08.26 19:08:15.075,2.40862,2.40945,1.00,1.09
2015.08.26 19:08:15.392,2.40852,2.40938,1.00,1.09
2015.08.26 19:08:15.442,2.40838,2.40938,1.00,1.09
2015.08.26 19:08:15.643,2.40842,2.40937,1.00,1.75
2015.08.26 19:08:15.945,2.4082,2.40924,1.00,1.75
2015.08.26 19:08:16.605,2.40819,2.40924,1.00,1.75
2015.08.26 19:08:17.278,2.40825,2.40925,1.00,1.75
2015.08.26 19:08:17.885,2.40831,2.40924,1.00,1.75
2015.08.26 19:08:17.935,2.40831,2.40924,1.00,1.75
2015.08.26 19:08:17.986,2.40853,2.40924,1.00,1.75
2015.08.26 19:08:18.231,2.4085,2.40924,1.00,1.75
2015.08.26 19:08:18.675,2.40853,2.40925,1.00,1.75
2015.08.26 19:08:18.826,2.40857,2.40944,1.00,1.75
2015.08.26 19:08:19.365,2.40856,2.40944,1.00,1.75
2015.08.26 19:08:20.265,2.40846,2.40944,1.00,1.75
2015.08.26 19:08:20.365,2.4085,2.40944,1.00,1.75
2015.08.26 19:08:23.055,2.40851,2.40945,1.00,1.75
2015.08.26 19:08:26.061,2.40852,2.40944,1.00,1.75
2015.08.26 19:08:26.833,2.4085,2.4094,1.00,2.05
2015.08.26 19:08:27.965,2.40851,2.4094,1.00,2.05
2015.08.26 19:08:28.935,2.4085,2.4094,1.00,2.05
2015.08.26 19:08:28.985,2.40848,2.4094,1.00,2.05
2015.08.26 19:08:29.569,2.40851,2.4094,1.00,2.05
2015.08.26 19:08:30.471,2.4085,2.4094,1.00,2.05
2015.08.26 19:08:30.784,2.40852,2.4094,1.00,2.05
2015.08.26 19:08:31.404,2.40853,2.4094,1.00,2.05
2015.08.26 19:08:32.976,2.40853,2.40945,1.00,1.75
2015.08.26 19:08:33.476,2.40851,2.40944,1.00,1.75
2015.08.26 19:08:35.179,2.40849,2.40943,1.00,1.75
2015.08.26 19:08:35.230,2.40849,2.40943,1.00,2.47
2015.08.26 19:08:35.564,2.40849,2.40941,1.00,2.05
2015.08.26 19:08:36.827,2.40848,2.40941,1.00,2.05
2015.08.26 19:08:37.144,2.40853,2.40941,1.00,2.05
2015.08.26 19:08:38.985,2.40853,2.40943,1.00,2.05
2015.08.26 19:08:39.036,2.40853,2.40944,1.00,1.75
2015.08.26 19:08:39.559,2.40852,2.40943,1.00,1.75
2015.08.26 19:08:40.076,2.40853,2.40944,1.00,1.75
2015.08.26 19:08:40.592,2.40838,2.40944,1.00,1.75
2015.08.26 19:08:40.794,2.40844,2.40944,1.00,1.75
2015.08.26 19:08:41.439,2.40843,2.40943,1.00,1.75
2015.08.26 19:08:41.540,2.40837,2.40943,1.00,1.75
2015.08.26 19:08:42.164,2.40838,2.40943,1.00,1.75
2015.08.26 19:08:42.886,2.40837,2.40943,1.00,1.75
2015.08.26 19:08:42.997,2.40851,2.40943,1.00,1.75
2015.08.26 19:08:43.374,2.40853,2.40943,1.00,1.75
2015.08.26 19:08:46.004,2.40854,2.40944,1.00,1.75
2015.08.26 19:08:46.104,2.40849,2.40944,1.00,1.75
2015.08.26 19:08:48.508,2.4085,2.40943,1.00,1.75
2015.08.26 19:08:50.716,2.40853,2.40943,1.00,1.75
2015.08.26 19:08:51.025,2.40855,2.4095,1.00,1.75
2015.08.26 19:08:51.844,2.40852,2.4095,1.00,1.75
2015.08.26 19:08:52.319,2.4085,2.40951,1.00,1.75
2015.08.26 19:08:52.767,2.40851,2.40951,1.00,1.50
2015.08.26 19:08:52.818,2.40859,2.40951,1.00,1.50
2015.08.26 19:08:54.124,2.40871,2.4095,1.00,1.37
2015.08.26 19:08:55.284,2.40871,2.40945,1.00,1.84
2015.08.26 19:08:55.334,2.40861,2.40945,1.00,1.84
2015.08.26 19:08:55.435,2.40853,2.40934,1.00,1.09
2015.08.26 19:08:55.549,2.40853,2.40938,1.00,2.05
2015.08.26 19:08:55.650,2.40853,2.4094,1.00,2.05
2015.08.26 19:08:55.750,2.40857,2.40946,1.00,1.09
2015.08.26 19:08:55.801,2.40857,2.40946,1.00,1.09
2015.08.26 19:08:56.052,2.40852,2.40946,1.00,1.09
2015.08.26 19:08:56.153,2.40846,2.40946,1.00,1.09
2015.08.26 19:08:56.254,2.40842,2.40946,1.00,1.09
2015.08.26 19:08:56.354,2.40858,2.40946,1.00,1.09
2015.08.26 19:08:56.455,2.4085,2.40946,1.00,1.09
2015.08.26 19:08:58.235,2.40849,2.40946,1.00,1.09
2015.08.26 19:08:58.637,2.40835,2.40946,1.00,1.09
2015.08.26 19:08:58.838,2.40847,2.40946,1.00,1.09
2015.08.26 19:08:59.239,2.40849,2.40946,1.00,1.09
2015.08.26 19:08:59.959,2.4085,2.40946,1.00,1.09
2015.08.26 19:09:00.586,2.40836,2.40946,1.00,1.09
2015.08.26 19:09:00.701,2.40845,2.40946,1.00,1.09
2015.08.26 19:09:01.056,2.4084,2.40946,1.00,1.09
2015.08.26 19:09:01.346,2.40842,2.40946,1.00,1.09
2015.08.26 19:09:01.447,2.4084,2.40946,1.00,1.09
2015.08.26 19:09:02.185,2.40842,2.40946,1.00,1.09
2015.08.26 19:09:02.486,2.40822,2.40902,1.00,1.00
2015.08.26 19:09:02.797,2.4079,2.40879,1.00,1.09
2015.08.26 19:09:03.284,2.4079,2.4088,1.00,1.09
2015.08.26 19:09:03.894,2.40789,2.4088,1.00,1.09
2015.08.26 19:09:04.754,2.40794,2.4088,1.00,1.09
2015.08.26 19:09:05.294,2.40785,2.4088,1.00,1.09
2015.08.26 19:09:07.566,2.40793,2.4088,1.00,1.09
2015.08.26 19:09:07.886,2.40791,2.4088,1.00,1.09
2015.08.26 19:09:08.406,2.4079,2.4088,1.00,1.09
2015.08.26 19:09:08.859,2.4079,2.40868,1.00,1.09
2015.08.26 19:09:08.910,2.40785,2.40868,1.00,1.09
2015.08.26 19:09:09.036,2.40787,2.40868,1.00,1.09
2015.08.26 19:09:09.371,2.40785,2.40868,1.00,1.09
2015.08.26 19:09:10.094,2.40786,2.40868,1.00,1.09
2015.08.26 19:09:10.986,2.40771,2.40868,1.00,1.09
2015.08.26 19:09:11.576,2.40786,2.40868,1.00,1.09
2015.08.26 19:09:12.178,2.40788,2.40868,1.00,1.09
2015.08.26 19:09:12.563,2.40791,2.4086,1.00,1.09
2015.08.26 19:09:13.280,2.40792,2.40854,1.00,1.09
2015.08.26 19:09:13.894,2.40791,2.40854,1.00,1.09
2015.08.26 19:09:14.215,2.40781,2.40854,1.00,1.09
2015.08.26 19:09:14.357,2.40772,2.40854,1.00,1.09
2015.08.26 19:09:14.407,2.40772,2.40854,1.00,1.09
2015.08.26 19:09:14.833,2.40774,2.40854,1.00,1.09
2015.08.26 19:09:15.385,2.40762,2.40854,1.00,1.09
2015.08.26 19:09:15.989,2.40763,2.40854,1.00,1.09
2015.08.26 19:09:16.089,2.40766,2.40854,1.00,1.09
2015.08.26 19:09:16.638,2.40765,2.40854,1.00,1.09
2015.08.26 19:09:16.980,2.40768,2.40854,1.00,1.09
2015.08.26 19:09:17.301,2.40771,2.40854,1.00,1.09
2015.08.26 19:09:19.210,2.40769,2.40854,1.00,1.09
2015.08.26 19:09:19.754,2.4077,2.40854,1.00,1.09
2015.08.26 19:09:20.273,2.40769,2.40854,1.00,1.09
2015.08.26 19:09:20.523,2.40769,2.40842,1.00,1.09
2015.08.26 19:09:20.641,2.40757,2.40841,1.00,1.09
2015.08.26 19:09:20.691,2.40757,2.40831,1.00,1.09
2015.08.26 19:09:20.742,2.40744,2.40831,1.00,1.09
2015.08.26 19:09:20.843,2.40744,2.40834,1.00,2.05
2015.08.26 19:09:21.145,2.40732,2.40822,1.00,1.75
2015.08.26 19:09:21.300,2.40741,2.40823,1.00,1.75
2015.08.26 19:09:21.634,2.40733,2.40823,1.00,1.75
2015.08.26 19:09:23.653,2.40732,2.40823,1.50,1.75
2015.08.26 19:09:25.416,2.40733,2.40822,1.00,1.75
2015.08.26 19:09:25.714,2.40737,2.40822,1.00,1.75
2015.08.26 19:09:26.016,2.40733,2.40831,1.00,2.05
2015.08.26 19:09:27.424,2.40735,2.40831,1.00,2.05
2015.08.26 19:09:27.746,2.40733,2.40812,1.00,1.75
2015.08.26 19:09:28.149,2.40731,2.40811,1.00,1.75
2015.08.26 19:09:29.344,2.40732,2.40812,1.00,1.75
2015.08.26 19:09:30.621,2.40723,2.40811,1.00,1.75
2015.08.26 19:09:31.167,2.40701,2.40811,1.50,1.75
2015.08.26 19:09:31.336,2.40712,2.40812,1.00,1.75
2015.08.26 19:09:31.663,2.40718,2.40811,1.00,1.75
2015.08.26 19:09:32.253,2.40717,2.40811,1.00,1.75
2015.08.26 19:09:32.577,2.40724,2.40811,1.00,1.75
2015.08.26 19:09:32.745,2.40722,2.40812,1.00,1.75
2015.08.26 19:09:33.128,2.4072,2.40812,1.00,1.75
2015.08.26 19:09:35.270,2.40719,2.40811,1.00,1.75
2015.08.26 19:09:35.421,2.40721,2.40812,1.00,1.75
2015.08.26 19:09:36.542,2.4072,2.40812,1.00,1.75
2015.08.26 19:09:37.735,2.40721,2.40812,1.00,1.75
2015.08.26 19:09:38.286,2.40722,2.40811,1.00,1.75
2015.08.26 19:09:39.942,2.40721,2.40811,1.00,1.75
2015.08.26 19:09:40.443,2.4072,2.40811,1.00,1.75
2015.08.26 19:09:41.592,2.40722,2.40812,1.00,1.75
2015.08.26 19:09:42.486,2.40722,2.40812,1.00,1.75
2015.08.26 19:09:42.603,2.40722,2.40812,1.00,1.75
2015.08.26 19:09:43.148,2.40721,2.40812,1.00,1.75
2015.08.26 19:09:44.204,2.40721,2.40807,1.00,2.05
2015.08.26 19:09:44.305,2.4072,2.40809,1.00,2.05
2015.08.26 19:09:44.356,2.40736,2.40809,1.00,2.05
2015.08.26 19:09:44.406,2.40736,2.40822,1.00,1.75
2015.08.26 19:09:44.557,2.40744,2.40822,1.00,1.75
2015.08.26 19:09:44.608,2.40744,2.40822,1.00,1.75
2015.08.26 19:09:44.709,2.4074,2.40822,1.00,1.75
2015.08.26 19:09:45.190,2.40745,2.40821,1.00,1.75
2015.08.26 19:09:45.700,2.40746,2.40833,1.00,2.05
2015.08.26 19:09:46.233,2.40747,2.40833,1.00,2.05
2015.08.26 19:09:46.554,2.40757,2.40833,1.00,2.05
2015.08.26 19:09:47.283,2.40752,2.40833,1.00,2.05
2015.08.26 19:09:47.384,2.40756,2.40833,1.00,2.05
2015.08.26 19:09:47.435,2.40756,2.40836,1.00,2.47
2015.08.26 19:09:47.536,2.40756,2.40836,1.00,1.75
2015.08.26 19:09:48.571,2.40757,2.40835,1.00,1.75
2015.08.26 19:09:49.193,2.40758,2.40835,1.00,1.75
2015.08.26 19:09:49.993,2.40757,2.40836,1.00,1.75
2015.08.26 19:09:50.219,2.40753,2.40835,1.00,2.47
2015.08.26 19:09:50.320,2.40751,2.40835,1.00,2.47
2015.08.26 19:09:52.084,2.40753,2.40835,1.00,2.05
2015.08.26 19:09:52.235,2.40753,2.40836,1.00,1.75
2015.08.26 19:09:52.286,2.40746,2.40828,1.00,1.09
2015.08.26 19:09:52.487,2.40735,2.40816,1.00,1.09
2015.08.26 19:09:52.538,2.40735,2.40816,1.00,1.09
2015.08.26 19:09:52.588,2.4073,2.40815,1.00,1.09
2015.08.26 19:09:52.766,2.4072,2.40806,1.00,1.09
2015.08.26 19:09:53.093,2.40718,2.40806,1.00,1.09
2015.08.26 19:09:53.245,2.40719,2.4079,1.00,1.09
2015.08.26 19:09:53.295,2.40716,2.4079,1.00,1.09
2015.08.26 19:09:53.396,2.40711,2.4079,1.00,1.09
2015.08.26 19:09:53.497,2.40713,2.4079,1.00,1.09
2015.08.26 19:09:54.518,2.40714,2.4079,1.00,1.09
2015.08.26 19:09:55.042,2.40713,2.4079,1.00,1.09
2015.08.26 19:09:55.594,2.40708,2.4079,1.00,1.09
2015.08.26 19:09:55.795,2.40701,2.40784,1.00,1.46
2015.08.26 19:09:55.897,2.40682,2.40784,1.00,1.09
2015.08.26 19:09:56.002,2.40682,2.40784,1.00,1.84
2015.08.26 19:09:56.103,2.40676,2.40766,1.00,1.75
2015.08.26 19:09:56.608,2.40677,2.40767,1.00,1.75
2015.08.26 19:09:56.709,2.40674,2.40767,1.00,1.75
2015.08.26 19:09:57.344,2.40675,2.40767,1.00,1.75
2015.08.26 19:09:58.199,2.40676,2.40767,1.00,1.75
2015.08.26 19:09:58.407,2.40674,2.40767,1.00,1.75
2015.08.26 19:09:58.928,2.40674,2.40766,1.00,1.75
2015.08.26 19:09:59.029,2.40675,2.40766,1.00,1.75
2015.08.26 19:09:59.080,2.40682,2.40783,1.00,2.05
2015.08.26 19:09:59.415,2.40669,2.40772,1.00,1.75
2015.08.26 19:09:59.617,2.40665,2.40772,1.00,1.75
2015.08.26 19:09:59.846,2.40667,2.40771,1.00,1.75
2015.08.26 19:09:59.947,2.40661,2.40772,1.50,1.75
2015.08.26 19:10:00.149,2.40661,2.40765,1.50,2.05
2015.08.26 19:10:00.605,2.40668,2.40765,1.00,2.05
2015.08.26 19:10:01.186,2.40667,2.40765,1.00,2.05
2015.08.26 19:10:01.540,2.4067,2.40765,1.00,2.05
2015.08.26 19:10:03.715,2.40672,2.40765,1.00,2.05
2015.08.26 19:10:04.447,2.40671,2.40765,1.00,2.05
2015.08.26 19:10:05.234,2.40673,2.40765,1.00,2.05
2015.08.26 19:10:06.036,2.40672,2.40765,1.00,2.05
2015.08.26 19:10:07.256,2.40673,2.40765,1.00,2.05
2015.08.26 19:10:08.437,2.40652,2.40761,1.00,1.75
2015.08.26 19:10:08.725,2.40666,2.40755,1.00,1.75
2015.08.26 19:10:09.728,2.40668,2.40756,1.00,1.75
2015.08.26 19:10:10.276,2.40662,2.40756,1.00,1.75
2015.08.26 19:10:10.329,2.4066,2.40756,1.00,1.75
2015.08.26 19:10:10.525,2.40662,2.40756,1.00,1.75
2015.08.26 19:10:10.777,2.40665,2.40771,1.00,1.75
2015.08.26 19:10:10.832,2.40662,2.40772,1.00,2.25
2015.08.26 19:10:10.933,2.40662,2.40768,1.00,2.05
2015.08.26 19:10:11.243,2.40661,2.40747,1.00,1.75
2015.08.26 19:10:11.565,2.40661,2.40748,1.00,1.75
2015.08.26 19:10:14.575,2.40662,2.40748,1.00,1.75
2015.08.26 19:10:14.878,2.40662,2.40743,1.00,2.05
2015.08.26 19:10:14.929,2.4065,2.40743,1.00,2.05
2015.08.26 19:10:15.141,2.40641,2.40743,1.50,2.05
2015.08.26 19:10:15.242,2.40631,2.4073,1.00,1.75
2015.08.26 19:10:15.595,2.4063,2.40727,1.00,2.05
2015.08.26 19:10:15.936,2.40632,2.40725,1.00,1.75
2015.08.26 19:10:16.161,2.40621,2.40726,1.50,1.75
2015.08.26 19:10:16.805,2.40616,2.40715,1.00,1.75
2015.08.26 19:10:16.856,2.40621,2.40715,1.00,1.75
2015.08.26 19:10:17.158,2.40616,2.40715,1.00,1.75
2015.08.26 19:10:17.259,2.40616,2.40715,1.00,1.75
2015.08.26 19:10:17.783,2.40611,2.40715,1.00,3.22
2015.08.26 19:10:20.074,2.40612,2.40715,1.00,2.47
2015.08.26 19:10:20.845,2.40611,2.40715,1.00,2.47
2015.08.26 19:10:21.514,2.40612,2.40715,1.00,2.05
2015.08.26 19:10:22.386,2.40611,2.40715,1.00,2.47
2015.08.26 19:10:23.460,2.40612,2.40712,1.00,1.75
2015.08.26 19:10:23.962,2.40611,2.40715,1.00,2.05
2015.08.26 19:10:27.700,2.40615,2.40715,1.00,2.47
2015.08.26 19:10:28.373,2.40622,2.40715,1.00,2.47
2015.08.26 19:10:28.676,2.40651,2.40732,1.00,2.05
2015.08.26 19:10:28.939,2.40651,2.40733,1.00,1.75
2015.08.26 19:10:29.141,2.40662,2.40732,1.00,1.75
2015.08.26 19:10:29.510,2.40662,2.40747,1.00,1.75
2015.08.26 19:10:30.176,2.40651,2.40747,1.00,1.75
2015.08.26 19:10:30.854,2.40661,2.40747,1.00,1.75
2015.08.26 19:10:30.967,2.40652,2.40747,1.00,1.75
2015.08.26 19:10:31.484,2.40651,2.40747,1.00,1.75
2015.08.26 19:10:31.627,2.40662,2.40748,1.00,1.75
2015.08.26 19:10:32.284,2.40652,2.40747,1.00,1.75
2015.08.26 19:10:33.366,2.40652,2.40745,1.00,2.05
2015.08.26 19:10:33.668,2.40652,2.40729,1.00,1.75
2015.08.26 19:10:34.284,2.40645,2.40745,1.00,1.75
2015.08.26 19:10:34.334,2.40654,2.40744,1.00,1.75
2015.08.26 19:10:34.436,2.40646,2.40744,1.00,1.00
2015.08.26 19:10:34.537,2.40655,2.40745,1.00,1.12
2015.08.26 19:10:35.283,2.40655,2.40745,1.00,1.50
2015.08.26 19:10:35.585,2.40655,2.40744,1.00,1.75
2015.08.26 19:10:35.636,2.40653,2.40744,1.00,1.75
2015.08.26 19:10:35.737,2.40645,2.40745,1.00,1.75
2015.08.26 19:10:35.838,2.40641,2.40744,1.00,1.75
2015.08.26 19:10:35.889,2.40641,2.40744,1.00,1.75
2015.08.26 19:10:35.939,2.40632,2.40744,1.00,2.47
2015.08.26 19:10:36.040,2.40643,2.40744,1.00,2.47
2015.08.26 19:10:36.346,2.40651,2.40744,1.00,2.05
2015.08.26 19:10:36.648,2.40651,2.40744,1.00,1.75
2015.08.26 19:10:36.800,2.40655,2.40745,1.00,1.75
2015.08.26 19:10:37.102,2.40653,2.40744,1.00,1.75
2015.08.26 19:10:37.446,2.40651,2.40744,1.00,1.75
2015.08.26 19:10:38.041,2.40645,2.40745,1.00,1.75
2015.08.26 19:10:38.091,2.40645,2.40744,1.00,1.75
2015.08.26 19:10:38.142,2.40641,2.40743,1.00,2.05
2015.08.26 19:10:38.243,2.4063,2.4073,1.00,1.75
2015.08.26 19:10:38.294,2.4063,2.40729,1.00,2.05
2015.08.26 19:10:38.344,2.40627,2.40727,1.00,2.05
2015.08.26 19:10:38.890,2.40626,2.40718,1.00,1.75
2015.08.26 19:10:39.109,2.40624,2.40719,1.00,1.75
2015.08.26 19:10:39.622,2.40623,2.40718,1.00,1.75
2015.08.26 19:10:40.191,2.40621,2.40718,1.00,1.75
2015.08.26 19:10:40.342,2.40613,2.40718,1.00,1.75
2015.08.26 19:10:40.544,2.40621,2.40719,1.00,1.75
2015.08.26 19:10:42.028,2.40636,2.40718,1.00,1.75
2015.08.26 19:10:42.129,2.40635,2.40719,1.00,1.00
2015.08.26 19:10:42.230,2.40655,2.40718,1.00,1.00
2015.08.26 19:10:42.438,2.40659,2.40744,1.00,1.75
2015.08.26 19:10:42.658,2.40661,2.40743,1.00,1.75
2015.08.26 19:10:42.963,2.40666,2.40743,1.00,1.00
2015.08.26 19:10:43.064,2.40672,2.40744,1.00,1.00
2015.08.26 19:10:43.165,2.40673,2.40759,1.00,1.75
2015.08.26 19:10:43.735,2.40672,2.40758,1.00,1.75
2015.08.26 19:10:44.646,2.4066,2.40759,1.00,1.75
2015.08.26 19:10:44.747,2.40651,2.40759,1.00,1.75
2015.08.26 19:10:44.798,2.40651,2.40759,1.00,1.75
2015.08.26 19:10:44.848,2.40643,2.40758,1.00,1.75
2015.08.26 19:10:44.949,2.40652,2.40759,1.00,1.75
2015.08.26 19:10:45.320,2.40657,2.40758,1.00,1.75
2015.08.26 19:10:45.848,2.40658,2.40759,1.00,1.75
2015.08.26 19:10:46.022,2.40656,2.40759,1.00,1.75
2015.08.26 19:10:47.046,2.40659,2.40758,1.00,1.75
2015.08.26 19:10:47.383,2.40664,2.40758,1.00,1.75
2015.08.26 19:10:47.943,2.40653,2.40758,1.00,1.75
2015.08.26 19:10:48.328,2.40664,2.40754,1.00,1.09
2015.08.26 19:10:48.479,2.40656,2.40754,1.00,1.09
2015.08.26 19:10:48.530,2.40668,2.40754,1.00,1.09
2015.08.26 19:10:48.774,2.40657,2.40754,1.00,1.09
2015.08.26 19:10:48.875,2.40669,2.40754,1.00,1.09
2015.08.26 19:10:49.298,2.40669,2.40754,1.00,2.06
2015.08.26 19:10:49.349,2.40645,2.40751,1.00,1.75
2015.08.26 19:10:49.450,2.40655,2.40751,1.00,1.75
2015.08.26 19:10:49.551,2.40648,2.40742,1.00,1.75
2015.08.26 19:10:49.726,2.40648,2.40739,1.00,2.05
2015.08.26 19:10:50.034,2.4065,2.40736,1.00,2.05
2015.08.26 19:10:50.254,2.40642,2.40736,1.00,2.05
2015.08.26 19:10:50.431,2.40639,2.40736,1.00,2.05
2015.08.26 19:10:50.584,2.40632,2.40736,1.00,2.05
2015.08.26 19:10:50.736,2.40628,2.40736,1.00,2.05
2015.08.26 19:10:51.537,2.40629,2.40736,1.00,2.05
2015.08.26 19:10:51.975,2.40625,2.40736,1.00,2.05
2015.08.26 19:10:52.239,2.40633,2.40736,1.00,2.05
2015.08.26 19:10:52.842,2.40636,2.40736,1.00,2.05
2015.08.26 19:10:53.689,2.4064,2.40736,1.00,2.05
2015.08.26 19:10:54.184,2.40637,2.40736,1.00,2.05
2015.08.26 19:10:54.433,2.40635,2.40736,1.00,2.05
2015.08.26 19:10:54.483,2.40637,2.40736,1.00,2.05
2015.08.26 19:10:55.077,2.40622,2.40718,1.00,1.50
2015.08.26 19:10:55.178,2.40628,2.40736,1.00,2.05
2015.08.26 19:10:55.523,2.40631,2.40736,1.00,2.05
2015.08.26 19:10:56.111,2.40632,2.40736,1.00,2.05
2015.08.26 19:10:56.646,2.40622,2.40736,1.50,2.05
2015.08.26 19:10:56.696,2.40631,2.40736,1.00,2.05
2015.08.26 19:10:57.353,2.40632,2.40736,1.00,2.05
2015.08.26 19:10:57.864,2.40633,2.40736,1.00,2.05
2015.08.26 19:10:58.174,2.40635,2.40736,1.00,2.05
2015.08.26 19:10:59.274,2.40633,2.40736,1.00,2.05
2015.08.26 19:10:59.583,2.40636,2.40736,1.00,2.05
2015.08.26 19:10:59.684,2.40623,2.40729,1.00,1.75
2015.08.26 19:10:59.835,2.40623,2.40726,1.00,1.75
2015.08.26 19:11:00.137,2.4062,2.40724,1.00,2.05
2015.08.26 19:11:00.295,2.40609,2.40724,1.00,2.05
2015.08.26 19:11:00.472,2.40617,2.40724,1.00,2.05
2015.08.26 19:11:00.775,2.40611,2.40724,1.50,2.05
2015.08.26 19:11:00.876,2.40621,2.40724,1.00,2.05
2015.08.26 19:11:01.127,2.40615,2.40724,1.00,2.05
2015.08.26 19:11:01.178,2.40618,2.40724,1.00,2.05
2015.08.26 19:11:01.506,2.40613,2.40724,1.00,2.05
2015.08.26 19:11:01.607,2.40615,2.40724,1.00,2.05
2015.08.26 19:11:01.909,2.4063,2.40711,1.00,1.75
2015.08.26 19:11:02.297,2.40636,2.40724,1.00,2.05
2015.08.26 19:11:02.399,2.40628,2.40727,1.00,1.75
2015.08.26 19:11:02.500,2.40636,2.40726,1.00,1.75
2015.08.26 19:11:02.806,2.40654,2.40726,1.00,1.75
2015.08.26 19:11:02.907,2.40654,2.40743,1.00,1.75
2015.08.26 19:11:03.182,2.40656,2.40744,1.00,1.75
2015.08.26 19:11:03.694,2.40657,2.40744,1.00,1.75
2015.08.26 19:11:04.241,2.40658,2.40743,1.00,1.75
2015.08.26 19:11:05.328,2.40656,2.40743,1.00,1.75
2015.08.26 19:11:05.429,2.40658,2.40744,1.00,1.75
2015.08.26 19:11:05.732,2.40663,2.40743,1.00,1.75
2015.08.26 19:11:06.096,2.40655,2.40743,1.00,1.37
2015.08.26 19:11:06.147,2.40655,2.40743,1.00,1.00
2015.08.26 19:11:06.248,2.40655,2.40759,1.00,1.84
2015.08.26 19:11:06.493,2.40664,2.40759,1.00,1.84
2015.08.26 19:11:07.697,2.4066,2.40759,1.00,1.84
2015.08.26 19:11:07.907,2.40657,2.40757,1.00,1.75
2015.08.26 19:11:08.643,2.40656,2.40757,1.00,1.75
2015.08.26 19:11:08.744,2.40658,2.40756,1.00,1.75
2015.08.26 19:11:09.402,2.40648,2.40743,1.00,1.00
2015.08.26 19:11:09.453,2.40648,2.40743,1.00,1.34
2015.08.26 19:11:09.504,2.40643,2.40743,1.00,1.71
2015.08.26 19:11:09.554,2.40643,2.40729,1.00,1.09
2015.08.26 19:11:09.711,2.4064,2.40729,1.00,1.09
2015.08.26 19:11:09.912,2.40645,2.40729,1.00,1.09
2015.08.26 19:11:10.114,2.40632,2.40729,1.00,1.09
2015.08.26 19:11:10.214,2.40632,2.40729,1.00,1.09
2015.08.26 19:11:10.518,2.40633,2.40729,1.00,1.09
2015.08.26 19:11:10.623,2.40631,2.40729,1.00,1.09
2015.08.26 19:11:11.220,2.40622,2.40718,1.00,2.05
2015.08.26 19:11:11.372,2.40615,2.40714,1.00,1.75
2015.08.26 19:11:11.791,2.40608,2.40714,1.00,1.75
2015.08.26 19:11:12.343,2.40607,2.40711,1.00,1.75
2015.08.26 19:11:13.166,2.40608,2.40711,1.00,1.75
2015.08.26 19:11:14.233,2.40607,2.40701,1.00,2.47
2015.08.26 19:11:14.334,2.40598,2.40695,1.00,1.75
2015.08.26 19:11:14.435,2.40607,2.40694,1.00,1.75
2015.08.26 19:11:14.838,2.40609,2.40694,1.00,1.75
2015.08.26 19:11:15.140,2.40613,2.40694,1.00,1.75
2015.08.26 19:11:15.537,2.40611,2.40695,1.00,1.75
2015.08.26 19:11:16.075,2.4061,2.40695,1.00,1.75
2015.08.26 19:11:16.176,2.40597,2.40695,1.00,1.75
2015.08.26 19:11:16.692,2.40596,2.40694,1.00,1.75
2015.08.26 19:11:17.244,2.40608,2.40695,1.00,1.75
2015.08.26 19:11:17.574,2.40611,2.40694,1.00,1.75
2015.08.26 19:11:18.098,2.40612,2.40694,1.00,1.75
2015.08.26 19:11:18.336,2.40614,2.40694,1.00,1.75
2015.08.26 19:11:18.640,2.40627,2.4071,1.00,2.05
2015.08.26 19:11:18.741,2.40621,2.4071,1.00,2.05
2015.08.26 19:11:18.842,2.40626,2.40716,1.00,1.75
2015.08.26 19:11:18.938,2.40623,2.40716,1.00,1.75
2015.08.26 19:11:19.056,2.40611,2.40715,1.00,1.75
2015.08.26 19:11:19.258,2.40626,2.40715,1.00,1.75
2015.08.26 19:11:19.568,2.4063,2.40716,1.00,1.75
2015.08.26 19:11:20.650,2.40631,2.40716,1.00,1.75
2015.08.26 19:11:21.667,2.40622,2.40716,1.00,1.75
2015.08.26 19:11:21.794,2.40624,2.40716,1.00,1.75
2015.08.26 19:11:22.134,2.40626,2.40715,1.00,1.75
2015.08.26 19:11:22.286,2.40629,2.40715,1.00,1.75
2015.08.26 19:11:22.387,2.40631,2.40729,1.00,1.75
2015.08.26 19:11:23.648,2.4063,2.40723,1.00,1.09
2015.08.26 19:11:23.974,2.40632,2.40723,1.00,1.09
2015.08.26 19:11:24.651,2.40634,2.40723,1.00,1.09
2015.08.26 19:11:24.877,2.40632,2.40723,1.00,1.09
2015.08.26 19:11:27.782,2.40632,2.40711,1.00,2.21
2015.08.26 19:11:27.883,2.4062,2.40709,1.00,2.01
2015.08.26 19:11:28.035,2.4062,2.40704,1.00,1.75
2015.08.26 19:11:28.192,2.40623,2.40705,1.00,1.75
2015.08.26 19:11:28.889,2.40623,2.40704,1.00,1.75
2015.08.26 19:11:28.990,2.40623,2.40704,1.00,1.50
2015.08.26 19:11:29.607,2.40622,2.40705,1.00,1.75
2015.08.26 19:11:29.658,2.40627,2.40704,1.00,1.50
2015.08.26 19:11:30.465,2.40626,2.40704,1.00,1.50
2015.08.26 19:11:30.866,2.40628,2.40704,1.00,1.50
2015.08.26 19:11:31.381,2.40626,2.40704,1.00,1.50
2015.08.26 19:11:33.514,2.40632,2.40704,1.00,1.50
2015.08.26 19:11:34.626,2.40613,2.40706,1.00,1.09
2015.08.26 19:11:34.928,2.40629,2.40706,1.00,1.09
2015.08.26 19:11:35.029,2.40613,2.40706,1.00,1.09
2015.08.26 19:11:35.691,2.40631,2.40706,1.00,1.09
2015.08.26 19:11:35.893,2.40618,2.40706,1.00,1.09
2015.08.26 19:11:36.402,2.40617,2.40706,1.00,1.09
2015.08.26 19:11:36.894,2.40612,2.40706,1.00,1.09
2015.08.26 19:11:37.396,2.40627,2.40706,1.00,1.09
2015.08.26 19:11:38.401,2.40628,2.40706,1.00,1.09
2015.08.26 19:11:39.132,2.40628,2.40704,1.00,1.09
2015.08.26 19:11:39.182,2.40614,2.40692,1.00,1.09
2015.08.26 19:11:39.652,2.40612,2.40692,1.00,1.09
2015.08.26 19:11:40.294,2.40611,2.40692,1.00,1.09
2015.08.26 19:11:40.395,2.40596,2.40683,1.00,1.09
2015.08.26 19:11:40.814,2.40606,2.40683,1.00,1.09
2015.08.26 19:11:40.915,2.40597,2.40683,1.00,1.09
2015.08.26 19:11:41.943,2.40595,2.40683,1.00,1.09
2015.08.26 19:11:43.254,2.40594,2.40683,1.00,1.09
2015.08.26 19:11:44.483,2.40594,2.40683,1.00,1.09
2015.08.26 19:11:45.525,2.4061,2.40683,1.00,1.09
2015.08.26 19:11:45.962,2.40614,2.40683,1.00,1.09
2015.08.26 19:11:46.013,2.40614,2.40683,1.00,1.09
2015.08.26 19:11:46.122,2.40611,2.40683,1.00,1.09
2015.08.26 19:11:46.374,2.40609,2.40683,1.00,1.09
2015.08.26 19:11:46.475,2.40592,2.40683,1.00,1.09
2015.08.26 19:11:46.527,2.40607,2.40683,1.00,1.09
2015.08.26 19:11:46.728,2.40592,2.40683,1.00,1.09
2015.08.26 19:11:46.779,2.40592,2.40683,1.00,1.09
2015.08.26 19:11:47.765,2.40586,2.40683,1.00,1.09
2015.08.26 19:11:47.866,2.40604,2.40684,1.00,1.09
2015.08.26 19:11:48.268,2.40596,2.40684,1.00,1.09
2015.08.26 19:11:48.369,2.40598,2.40687,1.00,2.05
2015.08.26 19:11:48.671,2.40604,2.40687,1.00,2.05
2015.08.26 19:11:49.144,2.40598,2.40668,1.00,1.09
2015.08.26 19:11:49.194,2.40598,2.40668,1.00,1.09
2015.08.26 19:11:49.245,2.40596,2.40668,1.00,1.09
2015.08.26 19:11:49.446,2.40574,2.40673,1.00,2.05
2015.08.26 19:11:49.547,2.40586,2.40673,1.00,2.05
2015.08.26 19:11:49.749,2.4058,2.40673,1.00,2.05
2015.08.26 19:11:49.799,2.4058,2.40659,1.00,2.05
2015.08.26 19:11:49.950,2.4056,2.40655,1.00,1.75
2015.08.26 19:11:50.001,2.4056,2.40643,1.00,2.05
2015.08.26 19:11:50.051,2.40552,2.40642,1.00,1.75
2015.08.26 19:11:50.938,2.40554,2.40642,1.00,1.75
2015.08.26 19:11:51.872,2.40547,2.40642,1.00,1.75
2015.08.26 19:11:52.317,2.40541,2.40635,1.50,2.05
2015.08.26 19:11:52.620,2.40542,2.40628,1.00,1.75
2015.08.26 19:11:53.132,2.40541,2.40628,1.00,1.75
2015.08.26 19:11:53.384,2.40538,2.40627,1.00,1.75
2015.08.26 19:11:53.611,2.40542,2.40627,1.00,1.75
2015.08.26 19:11:54.415,2.40551,2.40627,1.00,1.50
2015.08.26 19:11:54.772,2.40555,2.40646,1.00,2.47
2015.08.26 19:11:55.074,2.40571,2.40658,1.00,2.05
2015.08.26 19:11:55.125,2.40571,2.40661,1.00,1.75
2015.08.26 19:11:55.803,2.40581,2.40661,1.00,1.75
2015.08.26 19:11:56.294,2.40583,2.40678,1.00,1.75
2015.08.26 19:11:56.496,2.40583,2.40679,1.00,1.75
2015.08.26 19:11:56.674,2.40587,2.40678,1.00,1.75
2015.08.26 19:11:56.989,2.40594,2.40687,1.00,1.09
2015.08.26 19:11:57.105,2.40594,2.40687,1.00,1.09
2015.08.26 19:11:57.357,2.40603,2.40687,1.00,1.09
2015.08.26 19:11:57.672,2.40605,2.4069,1.00,1.09
2015.08.26 19:11:58.456,2.40606,2.4069,1.00,1.09
2015.08.26 19:11:59.402,2.40612,2.4069,1.00,1.09
2015.08.26 19:11:59.572,2.40606,2.4069,1.00,1.09
2015.08.26 19:12:01.594,2.40607,2.4069,1.00,1.09
2015.08.26 19:12:02.666,2.40606,2.4069,1.00,1.09
2015.08.26 19:12:02.766,2.40601,2.4069,1.00,1.09
2015.08.26 19:12:02.817,2.40601,2.40688,1.00,2.05
2015.08.26 19:12:02.867,2.40591,2.40688,1.00,2.05
2015.08.26 19:12:03.051,2.40595,2.40686,1.00,1.09
2015.08.26 19:12:03.353,2.40602,2.40686,1.00,1.09
2015.08.26 19:12:03.968,2.40601,2.40686,1.00,1.09
2015.08.26 19:12:04.082,2.40583,2.40669,1.00,1.09
2015.08.26 19:12:04.599,2.4058,2.40658,1.00,1.09
2015.08.26 19:12:04.801,2.40583,2.40658,1.00,1.09
2015.08.26 19:12:05.310,2.40578,2.40658,1.00,1.09
2015.08.26 19:12:05.512,2.4058,2.40658,1.00,1.09
2015.08.26 19:12:05.773,2.40578,2.40658,1.00,1.09
2015.08.26 19:12:07.377,2.40566,2.40658,1.00,1.09
2015.08.26 19:12:07.543,2.40566,2.4065,1.00,1.09
2015.08.26 19:12:07.919,2.40578,2.4065,1.00,1.09
2015.08.26 19:12:09.483,2.4058,2.4065,1.00,1.09
2015.08.26 19:12:09.682,2.40577,2.4065,1.00,1.09
2015.08.26 19:12:10.371,2.40578,2.40662,1.00,1.75
2015.08.26 19:12:10.422,2.4058,2.40663,1.00,1.75
2015.08.26 19:12:11.035,2.40584,2.40662,1.00,1.75
2015.08.26 19:12:11.568,2.40583,2.40662,1.00,1.75
2015.08.26 19:12:12.399,2.40584,2.40663,1.00,1.75
2015.08.26 19:12:12.710,2.40588,2.40663,1.00,1.75
2015.08.26 19:12:12.761,2.40588,2.40677,1.00,2.05
2015.08.26 19:12:14.403,2.40584,2.40677,1.00,2.05
2015.08.26 19:12:14.604,2.40588,2.40677,1.00,2.05
2015.08.26 19:12:14.655,2.40588,2.40679,1.00,1.75
2015.08.26 19:12:14.806,2.40594,2.40679,1.00,1.75
2015.08.26 19:12:15.148,2.40596,2.40678,1.00,1.75
2015.08.26 19:12:15.677,2.40597,2.40678,1.00,1.75
2015.08.26 19:12:15.728,2.4058,2.40678,1.00,1.75
2015.08.26 19:12:15.779,2.4058,2.40646,1.00,1.84
2015.08.26 19:12:15.829,2.40571,2.40646,1.00,1.84
2015.08.26 19:12:15.880,2.40551,2.40646,2.25,1.84
2015.08.26 19:12:15.980,2.40551,2.40642,1.00,1.09
2015.08.26 19:12:16.146,2.40552,2.40635,1.00,1.75
2015.08.26 19:12:16.196,2.40562,2.40635,1.00,1.75
2015.08.26 19:12:16.348,2.40574,2.40652,1.00,1.75
2015.08.26 19:12:16.449,2.40574,2.40661,1.00,1.09
2015.08.26 19:12:16.500,2.4058,2.40661,1.00,1.09
2015.08.26 19:12:16.863,2.4058,2.40661,1.00,1.09
2015.08.26 19:12:16.917,2.40573,2.40661,1.00,1.09
2015.08.26 19:12:16.999,2.40578,2.40661,1.00,1.09
2015.08.26 19:12:19.003,2.40583,2.40661,1.00,1.09
2015.08.26 19:12:19.309,2.40581,2.40661,1.00,1.09
2015.08.26 19:12:20.115,2.40575,2.40666,1.00,2.05
2015.08.26 19:12:20.216,2.40579,2.40666,1.00,2.05
2015.08.26 19:12:20.470,2.40583,2.4067,1.00,1.75
2015.08.26 19:12:21.723,2.40561,2.40607,1.00,1.00
2015.08.26 19:12:21.924,2.40501,2.40584,1.00,1.09
2015.08.26 19:12:22.025,2.40505,2.40584,1.00,1.09
2015.08.26 19:12:22.349,2.40505,2.40584,1.00,1.09
2015.08.26 19:12:22.712,2.40501,2.40584,1.00,1.09
2015.08.26 19:12:23.616,2.40502,2.4058,1.00,1.84
2015.08.26 19:12:23.942,2.40503,2.4058,1.00,1.50
2015.08.26 19:12:24.043,2.40505,2.40584,1.00,1.09
2015.08.26 19:12:24.819,2.40508,2.40584,1.00,1.09
2015.08.26 19:12:24.869,2.40508,2.4059,1.00,1.34
2015.08.26 19:12:25.462,2.40507,2.40594,1.00,1.09
2015.08.26 19:12:26.822,2.40508,2.40594,1.00,1.09
2015.08.26 19:12:28.927,2.40511,2.40594,1.00,1.09
2015.08.26 19:12:29.027,2.40507,2.40594,1.00,1.09
2015.08.26 19:12:29.931,2.40506,2.40594,1.00,1.09
2015.08.26 19:12:30.476,2.40505,2.40591,1.00,1.34
2015.08.26 19:12:30.681,2.405,2.40591,1.00,1.34
2015.08.26 19:12:31.183,2.40501,2.40594,1.00,1.09
2015.08.26 19:12:31.634,2.40507,2.40594,1.00,1.09
2015.08.26 19:12:32.216,2.40506,2.40594,1.00,1.09
2015.08.26 19:12:32.561,2.40511,2.40594,1.00,1.09
2015.08.26 19:12:33.102,2.40512,2.40594,1.00,1.09
2015.08.26 19:12:34.040,2.40513,2.40594,1.00,1.09
2015.08.26 19:12:34.575,2.40514,2.40594,1.00,1.09
2015.08.26 19:12:36.283,2.40514,2.40584,1.00,1.09
2015.08.26 19:12:38.270,2.405,2.40584,1.00,1.09
2015.08.26 19:12:38.320,2.405,2.40582,1.00,1.09
2015.08.26 19:12:38.371,2.40491,2.4058,1.00,1.09
2015.08.26 19:12:38.472,2.40493,2.40572,1.00,1.09
2015.08.26 19:12:38.673,2.40479,2.40572,1.00,1.09
2015.08.26 19:12:40.512,2.40479,2.40564,1.00,1.09
2015.08.26 19:12:42.891,2.40487,2.40564,1.00,1.09
2015.08.26 19:12:43.300,2.40481,2.40558,1.00,1.09
2015.08.26 19:12:44.094,2.40471,2.40558,1.00,1.09
2015.08.26 19:12:45.911,2.4049,2.40558,1.00,1.09
2015.08.26 19:12:46.012,2.40482,2.40558,1.00,1.09
2015.08.26 19:12:46.113,2.40488,2.40558,1.00,1.09
2015.08.26 19:12:46.214,2.40468,2.40558,1.00,1.09
2015.08.26 19:12:46.315,2.40464,2.40546,1.00,1.09
2015.08.26 19:12:46.416,2.40461,2.40546,1.00,1.09
2015.08.26 19:12:46.516,2.40466,2.40546,1.00,1.09
2015.08.26 19:12:46.567,2.40454,2.40546,1.00,1.09
2015.08.26 19:12:47.069,2.40452,2.40546,1.00,1.09
2015.08.26 19:12:47.722,2.40452,2.40536,1.00,1.09
2015.08.26 19:12:48.039,2.4046,2.40536,1.00,1.09
2015.08.26 19:12:48.190,2.40455,2.40546,1.00,1.09
2015.08.26 19:12:48.241,2.40455,2.4055,1.00,1.75
2015.08.26 19:12:48.392,2.40463,2.4055,1.00,1.75
2015.08.26 19:12:48.723,2.40473,2.40551,1.00,1.75
2015.08.26 19:12:48.855,2.40473,2.40561,1.00,1.09
2015.08.26 19:12:48.905,2.40475,2.40561,1.00,1.09
2015.08.26 19:12:49.716,2.40461,2.40571,1.00,1.75
2015.08.26 19:12:50.245,2.40462,2.40571,1.00,2.25
2015.08.26 19:12:50.296,2.40465,2.40563,1.00,1.75
2015.08.26 19:12:50.611,2.40468,2.40562,1.00,1.75
2015.08.26 19:12:51.146,2.4047,2.40571,1.00,1.75
2015.08.26 19:12:51.448,2.4048,2.40572,1.00,1.75
2015.08.26 19:12:51.751,2.40484,2.40572,1.00,1.75
2015.08.26 19:12:52.225,2.40486,2.40571,1.00,1.75
2015.08.26 19:12:52.527,2.40488,2.40571,1.00,1.75
2015.08.26 19:12:54.258,2.40488,2.40571,1.00,1.50
2015.08.26 19:12:54.611,2.40486,2.40587,1.00,1.75
2015.08.26 19:12:54.712,2.40489,2.40587,1.00,1.75
2015.08.26 19:12:54.914,2.40481,2.40587,1.00,1.75
2015.08.26 19:12:55.095,2.40484,2.40587,1.00,1.75
2015.08.26 19:12:55.690,2.40481,2.40586,1.00,1.75
2015.08.26 19:12:56.218,2.40482,2.40587,1.00,1.75
2015.08.26 19:12:56.522,2.40484,2.40586,1.00,1.75
2015.08.26 19:12:56.724,2.40482,2.40584,1.00,1.75
2015.08.26 19:12:56.825,2.40482,2.40578,1.00,2.05
2015.08.26 19:12:56.926,2.40472,2.40566,1.00,1.75
2015.08.26 19:12:57.586,2.40471,2.40567,1.00,1.75
2015.08.26 19:12:57.737,2.40473,2.40566,1.00,1.75
2015.08.26 19:12:59.198,2.40472,2.40566,1.00,1.75
2015.08.26 19:12:59.580,2.40475,2.40566,1.00,1.75
2015.08.26 19:12:59.920,2.40482,2.40585,1.00,1.75
2015.08.26 19:13:00.122,2.40484,2.40584,1.00,1.75
2015.08.26 19:13:00.615,2.40486,2.40585,1.00,1.75
2015.08.26 19:13:00.766,2.40492,2.40584,1.00,1.75
2015.08.26 19:13:00.817,2.40499,2.40584,1.00,1.75
2015.08.26 19:13:00.960,2.40502,2.40607,1.00,1.75
2015.08.26 19:13:01.464,2.40503,2.40608,1.00,1.75
2015.08.26 19:13:01.515,2.40507,2.40608,1.00,1.75
2015.08.26 19:13:03.008,2.40523,2.40608,1.00,1.75
2015.08.26 19:13:03.151,2.40524,2.40607,1.00,1.75
2015.08.26 19:13:03.317,2.40508,2.40607,1.00,1.75
2015.08.26 19:13:03.710,2.40502,2.40608,1.00,1.75
2015.08.26 19:13:04.032,2.40511,2.40608,1.00,1.75
2015.08.26 19:13:04.581,2.40512,2.40608,1.00,1.75
2015.08.26 19:13:05.130,2.40504,2.40607,1.00,1.75
2015.08.26 19:13:06.222,2.40508,2.40608,1.00,1.75
2015.08.26 19:13:06.322,2.40504,2.40608,1.00,1.75
2015.08.26 19:13:06.373,2.40504,2.40608,1.00,1.75
2015.08.26 19:13:06.423,2.40501,2.40605,1.00,1.75
2015.08.26 19:13:06.833,2.40492,2.40603,1.00,2.05
2015.08.26 19:13:07.136,2.40492,2.406,1.00,2.05
2015.08.26 19:13:07.724,2.40491,2.406,1.00,2.05
2015.08.26 19:13:08.322,2.40492,2.406,1.00,2.05
2015.08.26 19:13:09.530,2.40492,2.40582,1.00,1.09
2015.08.26 19:13:09.580,2.40489,2.40582,1.00,1.09
2015.08.26 19:13:09.631,2.40487,2.40582,1.00,1.09
2015.08.26 19:13:09.782,2.40487,2.40582,1.00,1.09
2015.08.26 19:13:11.062,2.40487,2.40588,1.00,1.75
2015.08.26 19:13:11.692,2.40492,2.40589,1.00,1.75
2015.08.26 19:13:11.995,2.40494,2.40588,1.00,1.75
2015.08.26 19:13:13.659,2.40491,2.40589,1.00,1.75
2015.08.26 19:13:13.861,2.40486,2.40588,1.00,1.75
2015.08.26 19:13:14.180,2.40492,2.40588,1.00,1.75
2015.08.26 19:13:14.418,2.40486,2.40582,1.00,1.09
2015.08.26 19:13:14.669,2.40496,2.40582,1.00,1.09
2015.08.26 19:13:14.770,2.40494,2.40582,1.00,1.09
2015.08.26 19:13:14.871,2.40488,2.40574,1.00,1.09
2015.08.26 19:13:15.868,2.40497,2.40574,1.00,1.09
2015.08.26 19:13:16.282,2.405,2.40574,1.00,1.09
2015.08.26 19:13:16.824,2.40499,2.40574,1.00,1.09
2015.08.26 19:13:18.453,2.40495,2.40574,1.00,1.09
2015.08.26 19:13:19.434,2.40494,2.40574,1.00,1.09
2015.08.26 19:13:21.197,2.40493,2.40574,1.00,1.09
2015.08.26 19:13:21.699,2.40492,2.40574,1.00,1.09
2015.08.26 19:13:22.262,2.40489,2.40574,1.00,1.09
2015.08.26 19:13:22.363,2.40491,2.40574,1.00,1.09
2015.08.26 19:13:22.939,2.40492,2.40574,1.00,1.09
2015.08.26 19:13:23.490,2.40491,2.40574,1.00,1.09
2015.08.26 19:13:24.077,2.4049,2.40574,1.00,1.09
2015.08.26 19:13:24.178,2.40486,2.40574,1.00,1.09
2015.08.26 19:13:24.279,2.40503,2.40574,1.00,1.09
2015.08.26 19:13:24.531,2.40507,2.40597,1.00,2.05
2015.08.26 19:13:24.582,2.40507,2.406,1.00,2.05
2015.08.26 19:13:24.683,2.40513,2.40608,1.00,1.09
2015.08.26 19:13:24.984,2.40508,2.40608,1.00,1.84
2015.08.26 19:13:25.299,2.40506,2.40606,1.00,2.05
2015.08.26 19:13:26.273,2.40505,2.40598,1.00,1.75
2015.08.26 19:13:26.623,2.4051,2.40608,1.00,1.84
2015.08.26 19:13:26.674,2.40514,2.40608,1.00,1.09
2015.08.26 19:13:27.179,2.40515,2.40608,1.00,1.84
2015.08.26 19:13:27.876,2.40516,2.40608,1.00,1.84
2015.08.26 19:13:28.329,2.40518,2.40608,1.00,1.84
2015.08.26 19:13:28.709,2.40516,2.40608,1.00,1.09
2015.08.26 19:13:28.927,2.40521,2.40608,1.00,1.09
2015.08.26 19:13:29.199,2.40514,2.40612,1.00,1.46
2015.08.26 19:13:29.300,2.40522,2.40612,1.00,1.46
2015.08.26 19:13:29.780,2.40522,2.40613,1.00,1.50
2015.08.26 19:13:30.800,2.40534,2.40628,1.00,1.75
2015.08.26 19:13:31.310,2.40577,2.40629,1.00,1.75
2015.08.26 19:13:31.417,2.40579,2.4066,1.00,1.75
2015.08.26 19:13:31.490,2.4061,2.4066,1.00,1.75
2015.08.26 19:13:31.541,2.4061,2.40694,1.00,1.75
2015.08.26 19:13:31.591,2.40615,2.40696,1.00,2.25
2015.08.26 19:13:31.692,2.40616,2.40704,1.00,2.05
2015.08.26 19:13:31.793,2.40616,2.40716,1.00,2.05
2015.08.26 19:13:31.899,2.40616,2.40719,1.00,1.09
2015.08.26 19:13:32.202,2.40604,2.40699,1.00,1.75
2015.08.26 19:13:32.404,2.40591,2.40696,1.00,1.75
2015.08.26 19:13:32.927,2.40603,2.40696,1.00,1.75
2015.08.26 19:13:33.129,2.406,2.40697,1.00,1.75
2015.08.26 19:13:33.396,2.40607,2.40696,1.00,1.75
2015.08.26 19:13:34.220,2.4061,2.40697,1.00,1.75
2015.08.26 19:13:34.422,2.40602,2.40697,1.00,1.75
2015.08.26 19:13:34.725,2.40601,2.40696,1.00,1.00
2015.08.26 19:13:34.926,2.40603,2.40696,1.00,1.00
2015.08.26 19:13:35.236,2.40611,2.40696,1.00,1.00
2015.08.26 19:13:35.814,2.4061,2.40697,1.00,1.00
2015.08.26 19:13:37.469,2.4061,2.40696,1.00,1.00
2015.08.26 19:13:37.941,2.40612,2.40696,1.00,1.00
2015.08.26 19:13:38.143,2.40604,2.40697,1.00,1.00
2015.08.26 19:13:38.244,2.40609,2.40696,1.00,1.00
2015.08.26 19:13:38.415,2.40603,2.40696,1.00,1.00
2015.08.26 19:13:38.916,2.40603,2.40697,1.00,1.00
2015.08.26 19:13:39.430,2.40603,2.40696,1.00,1.00
2015.08.26 19:13:40.331,2.40603,2.40697,1.00,1.00
2015.08.26 19:13:40.649,2.406,2.40696,1.00,1.00
2015.08.26 19:13:41.209,2.4061,2.40696,1.00,1.00
2015.08.26 19:13:41.749,2.4061,2.40697,1.00,1.00
2015.08.26 19:13:42.341,2.40612,2.40697,1.00,1.00
2015.08.26 19:13:42.644,2.4061,2.40696,1.00,1.00
2015.08.26 19:13:42.745,2.40612,2.40696,1.00,1.00
2015.08.26 19:13:42.846,2.40609,2.40696,1.00,1.00
2015.08.26 19:13:42.947,2.40612,2.40697,1.00,1.00
2015.08.26 19:13:43.340,2.4061,2.40697,1.00,1.00
2015.08.26 19:13:43.534,2.40606,2.40697,1.00,1.00
2015.08.26 19:13:44.232,2.40606,2.40696,1.00,1.00
2015.08.26 19:13:44.333,2.40604,2.40696,1.00,1.00
2015.08.26 19:13:45.735,2.40605,2.40696,1.00,1.00
2015.08.26 19:13:45.786,2.40605,2.40696,1.00,1.34
2015.08.26 19:13:46.102,2.40608,2.40687,1.00,1.09
2015.08.26 19:13:46.444,2.40613,2.40687,1.00,1.09
2015.08.26 19:13:46.838,2.40596,2.40687,1.00,1.09
2015.08.26 19:13:47.046,2.40588,2.40687,1.00,1.09
2015.08.26 19:13:47.350,2.40588,2.40677,1.00,1.09
2015.08.26 19:13:47.450,2.40579,2.40677,1.00,1.09
2015.08.26 19:13:48.881,2.40598,2.40677,1.00,1.09
2015.08.26 19:13:49.082,2.40601,2.40688,1.00,1.46
2015.08.26 19:13:49.183,2.40599,2.40688,1.00,1.46
2015.08.26 19:13:49.243,2.40597,2.40688,1.00,1.46
2015.08.26 19:13:50.077,2.40592,2.40687,1.00,1.34
2015.08.26 19:13:51.471,2.40594,2.40688,1.00,1.46
2015.08.26 19:13:51.789,2.40597,2.40688,1.00,1.46
2015.08.26 19:13:54.255,2.40596,2.40687,1.00,1.34
2015.08.26 19:13:55.289,2.40585,2.40687,1.00,1.34
2015.08.26 19:13:55.390,2.40585,2.40677,1.00,1.09
2015.08.26 19:13:55.910,2.40586,2.40677,1.00,1.09
2015.08.26 19:13:56.209,2.40577,2.40677,1.00,1.09
2015.08.26 19:13:56.503,2.40588,2.40677,1.00,1.09
2015.08.26 19:13:57.018,2.40587,2.40677,1.00,1.09
2015.08.26 19:13:57.325,2.40589,2.40677,1.00,1.09
2015.08.26 19:13:58.205,2.40588,2.40677,1.00,1.09
2015.08.26 19:13:58.512,2.40578,2.40677,1.00,1.09
2015.08.26 19:13:58.675,2.40586,2.40677,1.00,1.09
2015.08.26 19:13:59.580,2.40585,2.40677,1.00,1.09
2015.08.26 19:13:59.967,2.40587,2.40677,1.00,1.09
2015.08.26 19:14:00.490,2.40588,2.40677,1.00,1.09
2015.08.26 19:14:01.719,2.40589,2.40677,1.00,1.09
2015.08.26 19:14:02.677,2.40585,2.40677,1.00,1.09
2015.08.26 19:14:02.778,2.40582,2.40677,1.00,1.09
2015.08.26 19:14:03.175,2.40567,2.40677,1.12,1.09
2015.08.26 19:14:03.475,2.40581,2.40677,1.00,1.09
2015.08.26 19:14:03.796,2.40567,2.40677,1.12,1.09
2015.08.26 19:14:03.897,2.40572,2.40677,1.00,1.09
2015.08.26 19:14:03.998,2.40567,2.40677,1.12,1.09
2015.08.26 19:14:04.840,2.40571,2.40677,1.00,1.09
2015.08.26 19:14:05.193,2.40579,2.40677,1.00,1.09
2015.08.26 19:14:05.531,2.40581,2.40677,1.00,1.09
2015.08.26 19:14:05.682,2.40575,2.40677,1.00,1.09
2015.08.26 19:14:05.783,2.40579,2.40677,1.00,1.09
2015.08.26 19:14:06.784,2.40584,2.40677,1.00,1.09
2015.08.26 19:14:07.390,2.40594,2.40683,1.00,1.00
2015.08.26 19:14:07.599,2.40607,2.40713,1.00,1.75
2015.08.26 19:14:07.919,2.40614,2.40714,1.00,1.75
2015.08.26 19:14:08.214,2.40614,2.40714,1.00,1.50
2015.08.26 19:14:09.317,2.40617,2.40713,1.00,1.37
2015.08.26 19:14:15.104,2.40618,2.40713,1.00,1.37
2015.08.26 19:14:15.730,2.40632,2.40714,1.00,1.50
2015.08.26 19:14:16.279,2.40634,2.40713,1.00,1.37
2015.08.26 19:14:16.608,2.40632,2.40714,1.00,1.50
2015.08.26 19:14:17.810,2.40634,2.40713,1.00,1.37
2015.08.26 19:14:18.253,2.40637,2.40714,1.00,1.50
2015.08.26 19:14:18.404,2.40649,2.40736,1.00,1.09
2015.08.26 19:14:18.455,2.40662,2.40736,1.00,1.09
2015.08.26 19:14:18.657,2.40667,2.40744,1.00,1.00
2015.08.26 19:14:18.758,2.40688,2.40756,1.00,1.75
2015.08.26 19:14:18.858,2.40688,2.40785,1.00,1.75
2015.08.26 19:14:19.256,2.40681,2.40786,1.00,1.75
2015.08.26 19:14:20.216,2.40665,2.4077,1.00,1.75
2015.08.26 19:14:20.616,2.40679,2.4077,1.00,1.75
2015.08.26 19:14:21.618,2.40681,2.4077,1.00,1.75
2015.08.26 19:14:23.369,2.40678,2.4077,1.00,1.75
2015.08.26 19:14:23.665,2.40665,2.4077,1.00,1.75
2015.08.26 19:14:25.126,2.4068,2.4077,1.00,1.75
2015.08.26 19:14:25.365,2.40665,2.40769,1.00,1.75
2015.08.26 19:14:25.667,2.40682,2.4077,1.00,1.75
2015.08.26 19:14:25.875,2.4068,2.4077,1.00,1.75
2015.08.26 19:14:26.448,2.40679,2.4077,1.00,1.75
2015.08.26 19:14:27.248,2.40673,2.40769,1.00,1.75
2015.08.26 19:14:27.631,2.40681,2.40769,1.00,1.75
2015.08.26 19:14:28.280,2.40682,2.4077,1.00,1.75
2015.08.26 19:14:28.481,2.4068,2.4077,1.00,1.75
2015.08.26 19:14:29.342,2.40674,2.4077,1.00,1.75
2015.08.26 19:14:29.537,2.40674,2.4077,1.00,1.00
2015.08.26 19:14:29.826,2.40677,2.4077,1.00,1.00
2015.08.26 19:14:30.188,2.40677,2.40784,1.00,1.75
2015.08.26 19:14:31.145,2.40678,2.40784,1.00,1.75
2015.08.26 19:14:31.746,2.40679,2.40784,1.00,1.75
2015.08.26 19:14:32.298,2.4068,2.40784,1.00,1.75
2015.08.26 19:14:32.348,2.40688,2.4078,1.00,1.09
2015.08.26 19:14:32.673,2.40686,2.40765,1.00,1.09
2015.08.26 19:14:32.774,2.40684,2.40765,1.00,1.09
2015.08.26 19:14:33.650,2.4068,2.40765,1.00,1.09
2015.08.26 19:14:34.251,2.40678,2.40765,1.00,1.09
2015.08.26 19:14:34.952,2.40676,2.40765,1.00,1.09
2015.08.26 19:14:39.701,2.4066,2.40765,1.00,1.09
2015.08.26 19:14:39.852,2.4066,2.40758,1.00,1.34
2015.08.26 19:14:39.902,2.40653,2.40758,1.75,1.34
2015.08.26 19:14:40.003,2.40671,2.40758,1.00,1.34
2015.08.26 19:14:40.485,2.4066,2.40758,1.00,1.34
2015.08.26 19:14:40.778,2.40675,2.40758,1.00,1.34
2015.08.26 19:14:41.581,2.40677,2.40762,1.00,1.84
2015.08.26 19:14:43.796,2.40676,2.40753,1.00,1.09
2015.08.26 19:14:46.273,2.40675,2.40753,1.00,1.09
2015.08.26 19:14:46.774,2.40677,2.40753,1.00,1.09
2015.08.26 19:14:49.277,2.40675,2.40753,1.00,1.09
2015.08.26 19:14:49.899,2.40681,2.40753,1.00,1.09
2015.08.26 19:14:50.201,2.40683,2.40753,1.00,1.09
2015.08.26 19:14:50.744,2.40682,2.40753,1.00,1.09
2015.08.26 19:14:51.920,2.40679,2.40753,1.00,1.09
2015.08.26 19:14:53.410,2.40681,2.40753,1.00,1.09
2015.08.26 19:14:53.993,2.40682,2.40753,1.00,1.09
2015.08.26 19:14:54.445,2.40677,2.40753,1.00,1.09
2015.08.26 19:14:54.699,2.40682,2.40753,1.00,1.09
2015.08.26 19:14:54.800,2.40677,2.40753,1.00,1.09
2015.08.26 19:14:55.323,2.40656,2.40753,1.00,1.09
2015.08.26 19:15:00.017,2.40656,2.40758,1.00,1.75
2015.08.26 19:15:00.119,2.40659,2.4076,1.00,2.25
2015.08.26 19:15:00.220,2.40659,2.40762,1.00,1.75
2015.08.26 19:15:00.925,2.40664,2.40763,1.00,1.75
2015.08.26 19:15:01.354,2.40673,2.40762,1.00,1.75
2015.08.26 19:15:01.454,2.40668,2.40763,1.00,1.75
2015.08.26 19:15:01.505,2.40668,2.40762,1.00,1.75
2015.08.26 19:15:02.165,2.40667,2.40763,1.00,1.75
2015.08.26 19:15:02.467,2.40664,2.4076,1.00,1.75
2015.08.26 19:15:04.139,2.40663,2.4076,1.00,1.75
2015.08.26 19:15:04.453,2.40666,2.40759,1.00,1.75
2015.08.26 19:15:05.142,2.40664,2.40759,1.00,1.75
2015.08.26 19:15:05.562,2.40662,2.40758,1.00,1.75
2015.08.26 19:15:06.121,2.40663,2.40758,1.00,1.75
2015.08.26 19:15:09.192,2.40665,2.40758,1.00,1.75
2015.08.26 19:15:09.579,2.40649,2.40758,1.00,1.75
2015.08.26 19:15:10.048,2.40662,2.40758,1.00,1.75
2015.08.26 19:15:12.001,2.40665,2.40759,1.00,1.75
2015.08.26 19:15:12.303,2.40667,2.40758,1.00,1.75
2015.08.26 19:15:12.591,2.40664,2.40758,1.00,1.75
2015.08.26 19:15:13.361,2.40663,2.40759,1.00,1.75
2015.08.26 19:15:15.189,2.40669,2.40759,1.00,1.75
2015.08.26 19:15:15.776,2.4067,2.40758,1.00,1.75
2015.08.26 19:15:16.181,2.40672,2.40758,1.00,1.75
2015.08.26 19:15:16.965,2.40675,2.40759,1.00,1.75
2015.08.26 19:15:17.066,2.40675,2.40758,1.00,1.75
2015.08.26 19:15:17.167,2.40678,2.40759,1.00,1.75
2015.08.26 19:15:18.066,2.40674,2.40758,1.00,1.75
2015.08.26 19:15:18.167,2.4067,2.40759,1.00,1.75
2015.08.26 19:15:19.093,2.40675,2.40765,1.00,2.25
2015.08.26 19:15:19.143,2.40675,2.40765,1.00,1.50
2015.08.26 19:15:19.395,2.4068,2.40766,1.00,1.50
2015.08.26 19:15:19.980,2.4068,2.40765,1.00,1.50
2015.08.26 19:15:20.509,2.40679,2.40765,1.00,1.50
2015.08.26 19:15:22.182,2.40677,2.40765,1.00,1.50
2015.08.26 19:15:23.695,2.40669,2.40765,1.00,1.50
2015.08.26 19:15:23.777,2.4068,2.40765,1.00,1.50
2015.08.26 19:15:26.928,2.40669,2.40765,1.00,1.50
2015.08.26 19:15:27.385,2.4068,2.40765,1.00,1.50
2015.08.26 19:15:27.620,2.40669,2.40765,1.00,1.50
2015.08.26 19:15:27.671,2.40671,2.40765,1.00,1.50
2015.08.26 19:15:27.992,2.40684,2.40782,1.00,1.09
2015.08.26 19:15:28.093,2.4068,2.40782,1.00,1.09
2015.08.26 19:15:28.694,2.40679,2.40782,1.00,1.09
2015.08.26 19:15:30.130,2.40679,2.40782,1.00,1.09
2015.08.26 19:15:31.094,2.4068,2.40782,1.00,1.09
2015.08.26 19:15:31.642,2.40679,2.40782,1.00,1.09
2015.08.26 19:15:31.913,2.40682,2.40777,1.00,1.34
2015.08.26 19:15:33.228,2.40681,2.40782,1.00,1.09
2015.08.26 19:15:34.302,2.4068,2.40782,1.00,1.09
2015.08.26 19:15:37.835,2.40673,2.40776,1.50,1.34
2015.08.26 19:15:37.886,2.40673,2.40766,1.00,1.12
2015.08.26 19:15:38.336,2.40675,2.40766,1.00,1.12
2015.08.26 19:15:38.713,2.40686,2.40766,1.00,1.12
2015.08.26 19:15:39.013,2.40676,2.40766,1.00,1.12
2015.08.26 19:15:42.119,2.40683,2.40766,1.00,1.12
2015.08.26 19:15:42.470,2.40677,2.40766,1.00,1.12
2015.08.26 19:15:43.134,2.40665,2.40766,1.00,1.12
2015.08.26 19:15:43.431,2.40665,2.40766,1.00,1.75
2015.08.26 19:15:44.869,2.40666,2.40766,1.00,1.75
2015.08.26 19:15:45.226,2.4067,2.40766,1.00,1.75
2015.08.26 19:15:46.830,2.40668,2.40768,1.00,1.09
2015.08.26 19:15:47.481,2.40669,2.40766,1.00,1.75
2015.08.26 19:15:47.984,2.4067,2.40768,1.00,1.09
2015.08.26 19:15:48.524,2.40671,2.40768,1.00,1.09
2015.08.26 19:15:48.675,2.40692,2.40768,1.00,1.09
2015.08.26 19:15:48.835,2.40692,2.4077,1.00,1.09
2015.08.26 19:15:49.282,2.40694,2.4077,1.00,1.09
2015.08.26 19:15:49.463,2.4069,2.4077,1.00,1.09
2015.08.26 19:15:49.840,2.40693,2.4077,1.00,1.09
2015.08.26 19:15:50.540,2.4069,2.4077,1.00,1.09
2015.08.26 19:15:51.039,2.40688,2.4077,1.00,1.09
2015.08.26 19:15:53.910,2.40693,2.4077,1.00,1.09
2015.08.26 19:15:54.061,2.40698,2.40788,1.00,1.75
2015.08.26 19:15:56.040,2.40698,2.40781,1.00,1.09
2015.08.26 19:15:56.091,2.4069,2.40781,1.00,1.09
2015.08.26 19:15:56.192,2.40686,2.40781,1.00,1.09
2015.08.26 19:15:56.293,2.40686,2.40776,1.00,1.00
2015.08.26 19:15:56.343,2.40686,2.40777,1.00,1.75
2015.08.26 19:15:56.646,2.40688,2.40777,1.00,1.75
2015.08.26 19:15:57.309,2.40687,2.40776,1.00,1.75
2015.08.26 19:16:00.465,2.40689,2.40777,1.00,1.75
2015.08.26 19:16:01.006,2.4069,2.40776,1.00,1.75
2015.08.26 19:16:01.166,2.40688,2.40776,1.00,1.75
2015.08.26 19:16:01.683,2.40679,2.40776,1.00,1.75
2015.08.26 19:16:02.069,2.40683,2.40777,1.00,1.75
2015.08.26 19:16:02.434,2.4069,2.40777,1.00,1.75
2015.08.26 19:16:02.938,2.40689,2.40777,1.00,1.75
2015.08.26 19:16:03.674,2.40686,2.40776,1.00,1.75
2015.08.26 19:16:04.269,2.40686,2.40767,1.00,1.09
2015.08.26 19:16:04.508,2.40676,2.40767,1.00,1.09
2015.08.26 19:16:04.558,2.40676,2.40759,1.00,1.75
2015.08.26 19:16:05.421,2.40679,2.40761,1.00,1.09
2015.08.26 19:16:05.609,2.40676,2.40761,1.00,1.09
2015.08.26 19:16:06.353,2.40677,2.40761,1.00,1.09
2015.08.26 19:16:06.504,2.40679,2.40761,1.00,1.09
2015.08.26 19:16:06.604,2.40677,2.40761,1.00,1.09
2015.08.26 19:16:08.412,2.40678,2.40758,1.00,1.75
2015.08.26 19:16:08.614,2.4068,2.40759,1.00,1.75
2015.08.26 19:16:09.419,2.40681,2.40759,1.00,1.75
2015.08.26 19:16:09.731,2.40677,2.40759,1.00,1.75
2015.08.26 19:16:09.932,2.4067,2.40758,1.00,1.75
2015.08.26 19:16:10.033,2.40666,2.40759,1.00,1.75
2015.08.26 19:16:10.134,2.40663,2.40758,1.00,1.75
2015.08.26 19:16:10.235,2.40656,2.40757,1.00,1.75
2015.08.26 19:16:10.352,2.40656,2.40757,1.00,1.75
2015.08.26 19:16:10.780,2.40662,2.40749,1.00,1.75
2015.08.26 19:16:11.294,2.40663,2.40747,1.00,1.75
2015.08.26 19:16:15.112,2.40664,2.40747,1.00,1.75
2015.08.26 19:16:15.414,2.40654,2.40756,1.00,1.75
2015.08.26 19:16:15.515,2.40665,2.40756,1.00,1.75
2015.08.26 19:16:15.929,2.40657,2.40749,1.00,1.75
2015.08.26 19:16:16.929,2.40656,2.40747,1.00,1.75
2015.08.26 19:16:19.249,2.4066,2.40747,1.00,1.75
2015.08.26 19:16:19.410,2.40654,2.40747,1.00,1.75
2015.08.26 19:16:20.618,2.40663,2.40749,1.00,1.75
2015.08.26 19:16:21.805,2.4066,2.40739,1.00,1.12
2015.08.26 19:16:21.856,2.40663,2.40739,1.00,1.12
2015.08.26 19:16:22.218,2.40665,2.40739,1.00,1.12
2015.08.26 19:16:22.319,2.40662,2.40739,1.00,1.12
2015.08.26 19:16:22.619,2.40664,2.40749,1.00,1.75
2015.08.26 19:16:24.421,2.40665,2.40748,1.00,1.75
2015.08.26 19:16:24.761,2.40655,2.40738,1.00,1.00
2015.08.26 19:16:24.862,2.40664,2.40738,1.00,1.00
2015.08.26 19:16:26.931,2.40665,2.40738,1.00,1.00
2015.08.26 19:16:28.201,2.40665,2.40749,1.00,1.84
2015.08.26 19:16:28.680,2.40664,2.40746,1.00,1.00
2015.08.26 19:16:28.881,2.40664,2.40748,1.00,1.46
2015.08.26 19:16:29.483,2.40655,2.40748,1.00,1.46
2015.08.26 19:16:29.539,2.40665,2.40748,1.00,1.46
2015.08.26 19:16:29.753,2.40655,2.40748,1.00,1.46
2015.08.26 19:16:29.854,2.40665,2.40748,1.00,1.46
2015.08.26 19:16:30.139,2.40654,2.40748,1.00,1.46
2015.08.26 19:16:31.938,2.40657,2.40748,1.00,1.46
2015.08.26 19:16:32.291,2.40662,2.40747,1.00,1.00
2015.08.26 19:16:32.575,2.40657,2.40747,1.00,1.00
2015.08.26 19:16:33.195,2.40657,2.40749,1.00,1.84
2015.08.26 19:16:34.343,2.40658,2.40749,1.00,1.09
2015.08.26 19:16:34.849,2.40662,2.40749,1.00,1.09
2015.08.26 19:16:35.152,2.40683,2.40775,1.00,2.25
2015.08.26 19:16:35.253,2.40676,2.40776,1.00,2.25
2015.08.26 19:16:35.916,2.40676,2.40776,1.00,2.25
2015.08.26 19:16:36.267,2.40679,2.40775,1.00,1.50
2015.08.26 19:16:36.657,2.40677,2.40775,1.00,1.50
2015.08.26 19:16:38.611,2.40676,2.40775,1.00,1.50
2015.08.26 19:16:38.712,2.40672,2.40776,1.00,1.75
2015.08.26 19:16:39.963,2.40673,2.40786,1.00,1.75
2015.08.26 19:16:40.065,2.40678,2.40786,1.00,1.75
2015.08.26 19:16:40.367,2.40684,2.40787,1.00,1.75
2015.08.26 19:16:40.479,2.4068,2.40786,1.00,1.75
2015.08.26 19:16:40.580,2.40687,2.40786,1.00,1.37
2015.08.26 19:16:40.631,2.40687,2.40786,1.00,1.00
2015.08.26 19:16:41.074,2.40694,2.40787,1.00,1.12
2015.08.26 19:16:41.634,2.40693,2.40786,1.00,1.00
2015.08.26 19:16:41.969,2.40692,2.40766,1.00,1.34
2015.08.26 19:16:42.070,2.40686,2.40766,1.00,1.34
2015.08.26 19:16:42.705,2.40676,2.40767,1.00,1.34
2015.08.26 19:16:43.703,2.40693,2.40775,1.00,1.84
2015.08.26 19:16:44.010,2.40697,2.40775,1.00,1.09
2015.08.26 19:16:45.107,2.40695,2.40775,1.00,1.09
2015.08.26 19:16:45.208,2.40693,2.40775,1.00,1.09
2015.08.26 19:16:45.410,2.40695,2.40775,1.00,1.09
2015.08.26 19:16:46.380,2.40696,2.40775,1.00,1.09
2015.08.26 19:16:46.930,2.40697,2.40775,1.00,1.09
2015.08.26 19:16:46.981,2.40695,2.40775,1.00,1.09
2015.08.26 19:16:48.210,2.40691,2.40775,1.00,1.09
2015.08.26 19:16:48.425,2.40693,2.40775,1.00,1.09
2015.08.26 19:16:48.526,2.40675,2.40775,1.00,1.09
2015.08.26 19:16:48.727,2.40685,2.40769,1.00,1.34
2015.08.26 19:16:48.981,2.40683,2.40768,1.00,1.34
2015.08.26 19:16:49.482,2.40686,2.40767,1.00,1.34
2015.08.26 19:16:50.020,2.40687,2.40768,1.00,1.34
2015.08.26 19:16:50.688,2.40686,2.40769,1.00,1.34
2015.08.26 19:16:50.789,2.40684,2.40769,1.00,1.34
2015.08.26 19:16:52.891,2.40688,2.40767,1.00,1.34
2015.08.26 19:16:53.223,2.40684,2.40759,1.00,1.34
2015.08.26 19:16:53.693,2.40686,2.40758,1.00,1.46
2015.08.26 19:16:54.709,2.40687,2.40761,1.00,1.09
2015.08.26 19:16:55.050,2.40689,2.40761,1.00,1.09
2015.08.26 19:16:55.201,2.40686,2.40761,1.00,1.09
2015.08.26 19:16:55.499,2.40688,2.40761,1.00,1.09
2015.08.26 19:16:56.049,2.40687,2.40761,1.00,1.09
2015.08.26 19:16:57.026,2.40686,2.40761,1.00,1.09
2015.08.26 19:16:57.402,2.40689,2.40761,1.00,1.09
2015.08.26 19:16:57.555,2.40689,2.40766,1.00,1.00
2015.08.26 19:16:57.606,2.4069,2.40773,1.00,1.75
2015.08.26 19:16:57.731,2.407,2.40773,1.00,1.37
2015.08.26 19:16:57.781,2.407,2.40773,1.00,1.00
2015.08.26 19:16:57.832,2.40705,2.40788,1.00,1.09
2015.08.26 19:16:57.939,2.40713,2.40794,1.00,1.09
2015.08.26 19:16:57.990,2.40713,2.40794,1.00,1.09
2015.08.26 19:16:58.508,2.40713,2.40794,1.00,1.09
2015.08.26 19:16:58.709,2.4072,2.40794,1.00,1.09
2015.08.26 19:16:58.810,2.40709,2.40794,1.00,1.09
2015.08.26 19:16:58.911,2.40716,2.40799,1.00,1.34
2015.08.26 19:16:59.063,2.40715,2.40799,1.00,1.00
2015.08.26 19:16:59.164,2.40714,2.40809,1.00,1.75
2015.08.26 19:16:59.265,2.40714,2.40799,1.00,1.00
2015.08.26 19:16:59.315,2.40712,2.40799,1.00,1.00
2015.08.26 19:16:59.642,2.40714,2.40799,1.00,1.00
2015.08.26 19:17:00.154,2.40715,2.40798,1.00,1.00
2015.08.26 19:17:00.360,2.40717,2.40806,1.00,1.37
2015.08.26 19:17:00.569,2.40717,2.40798,1.00,1.00
2015.08.26 19:17:00.795,2.40717,2.40808,1.00,1.75
2015.08.26 19:17:00.911,2.40715,2.40808,1.00,1.75
2015.08.26 19:17:01.158,2.40718,2.40808,1.00,1.75
2015.08.26 19:17:02.014,2.40716,2.40808,1.00,1.75
2015.08.26 19:17:02.568,2.40716,2.40798,1.00,1.00
2015.08.26 19:17:03.230,2.40715,2.40798,1.00,1.00
2015.08.26 19:17:03.567,2.40721,2.40798,1.00,1.00
2015.08.26 19:17:03.672,2.40721,2.40809,1.00,1.75
2015.08.26 19:17:03.723,2.40728,2.40809,1.00,1.75
2015.08.26 19:17:04.558,2.40727,2.40809,1.00,1.75
2015.08.26 19:17:05.120,2.40728,2.40809,1.00,1.75
2015.08.26 19:17:05.421,2.40732,2.40809,1.00,1.75
2015.08.26 19:17:06.742,2.40731,2.40808,1.00,1.75
2015.08.26 19:17:12.351,2.40732,2.40809,1.00,1.75
2015.08.26 19:17:12.638,2.40716,2.40809,1.00,2.25
2015.08.26 19:17:12.689,2.40716,2.40807,1.00,1.09
2015.08.26 19:17:12.991,2.4072,2.40792,1.00,1.09
2015.08.26 19:17:13.349,2.40716,2.40792,1.00,1.09
2015.08.26 19:17:15.488,2.40717,2.40788,1.00,1.34
2015.08.26 19:17:16.542,2.40715,2.40789,1.00,1.34
2015.08.26 19:17:16.608,2.40715,2.40778,1.00,1.00
2015.08.26 19:17:16.658,2.40699,2.40778,1.00,1.00
2015.08.26 19:17:16.960,2.40712,2.40779,1.00,1.00
2015.08.26 19:17:17.044,2.40709,2.40779,1.00,1.00
2015.08.26 19:17:17.599,2.4071,2.40779,1.00,1.00
2015.08.26 19:17:18.478,2.4071,2.40778,1.00,1.00
2015.08.26 19:17:19.548,2.40708,2.40778,1.00,1.00
2015.08.26 19:17:20.951,2.40693,2.40778,1.00,1.00
2015.08.26 19:17:21.553,2.40692,2.40778,1.00,1.00
2015.08.26 19:17:22.328,2.40692,2.40789,1.00,1.34
2015.08.26 19:17:22.831,2.40691,2.40789,1.00,1.34
2015.08.26 19:17:23.343,2.40692,2.40789,1.00,1.34
2015.08.26 19:17:23.488,2.40708,2.40789,1.00,1.34
2015.08.26 19:17:23.832,2.40726,2.40789,1.00,1.34
2015.08.26 19:17:24.084,2.40726,2.40788,1.00,1.00
2015.08.26 19:17:24.287,2.40713,2.40788,1.00,1.00
2015.08.26 19:17:24.338,2.40713,2.40798,1.00,1.00
2015.08.26 19:17:24.388,2.40728,2.40798,1.00,1.00
2015.08.26 19:17:24.910,2.40725,2.40799,1.00,1.00
2015.08.26 19:17:25.448,2.40725,2.40798,1.00,1.00
2015.08.26 19:17:26.017,2.40724,2.40799,1.00,1.00
2015.08.26 19:17:26.467,2.40718,2.40798,1.00,1.00
2015.08.26 19:17:27.402,2.40719,2.40798,1.00,1.00
2015.08.26 19:17:28.707,2.40704,2.40798,1.00,1.00
2015.08.26 19:17:28.843,2.40704,2.40788,1.00,1.00
2015.08.26 19:17:29.191,2.40722,2.40799,1.00,1.00
2015.08.26 19:17:29.518,2.40725,2.40799,1.00,1.00
2015.08.26 19:17:30.137,2.40725,2.40808,1.00,1.75
2015.08.26 19:17:30.419,2.40723,2.40808,1.00,1.75
2015.08.26 19:17:30.947,2.40722,2.40808,1.00,1.75
2015.08.26 19:17:31.781,2.40724,2.40808,1.00,1.75
2015.08.26 19:17:32.080,2.40722,2.40809,1.00,1.75
2015.08.26 19:17:32.507,2.40725,2.40809,1.00,1.75
2015.08.26 19:17:32.709,2.40719,2.40799,1.00,1.00
2015.08.26 19:17:32.810,2.40721,2.40798,1.00,1.00
2015.08.26 19:17:33.031,2.40716,2.40798,1.00,1.00
2015.08.26 19:17:33.327,2.40716,2.40809,1.00,1.75
2015.08.26 19:17:33.476,2.40717,2.40798,1.00,1.00
2015.08.26 19:17:33.577,2.40719,2.40809,1.00,1.75
2015.08.26 19:17:34.094,2.40717,2.40809,1.00,1.75
2015.08.26 19:17:34.320,2.40717,2.40799,1.00,1.00
2015.08.26 19:17:34.649,2.40714,2.40791,1.00,1.09
2015.08.26 19:17:35.307,2.40715,2.40791,1.00,1.09
2015.08.26 19:17:36.591,2.40713,2.40788,1.00,1.34
2015.08.26 19:17:37.122,2.40715,2.40788,1.00,1.34
2015.08.26 19:17:37.794,2.40714,2.40788,1.00,1.34
2015.08.26 19:17:38.137,2.40714,2.40779,1.00,1.00
2015.08.26 19:17:38.238,2.40694,2.40778,1.00,1.00
2015.08.26 19:17:38.289,2.40694,2.40779,1.00,1.34
2015.08.26 19:17:38.440,2.40689,2.40768,1.00,1.09
2015.08.26 19:17:38.541,2.40681,2.40759,1.00,1.00
2015.08.26 19:17:38.887,2.40681,2.40759,1.00,1.75
2015.08.26 19:17:40.147,2.40655,2.40759,1.00,1.75
2015.08.26 19:17:40.349,2.40676,2.40759,1.00,1.75
2015.08.26 19:17:41.307,2.40673,2.40758,1.00,1.75
2015.08.26 19:17:41.619,2.40673,2.40748,1.00,1.00
2015.08.26 19:17:41.897,2.40673,2.40758,1.00,1.75
2015.08.26 19:17:42.303,2.40675,2.40758,1.00,1.75
2015.08.26 19:17:45.139,2.40674,2.40758,1.00,1.75
2015.08.26 19:17:47.114,2.40673,2.40758,1.00,1.75
2015.08.26 19:17:49.468,2.40682,2.40758,1.00,1.75
2015.08.26 19:17:52.447,2.40685,2.40758,1.00,1.75
2015.08.26 19:17:52.548,2.40673,2.40759,1.00,1.75
2015.08.26 19:17:52.759,2.40683,2.40759,1.00,1.75
