2015.08.26 06:00:00.038,2.41437,2.41554,1.75,1.00
2015.08.26 06:00:00.089,2.41443,2.41556,1.75,1.00
2015.08.26 06:00:00.941,2.4145,2.41569,1.75,1.75
2015.08.26 06:00:01.092,2.41456,2.41576,1.00,1.75
2015.08.26 06:00:01.403,2.41468,2.41585,1.50,1.75
2015.08.26 06:00:02.156,2.41466,2.41585,1.75,1.50
2015.08.26 06:00:04.965,2.41471,2.41579,1.00,1.75
2015.08.26 06:00:05.466,2.41453,2.41571,1.75,1.75
2015.08.26 06:00:06.325,2.41438,2.41556,1.75,1.00
2015.08.26 06:00:06.426,2.41438,2.41556,1.75,1.75
2015.08.26 06:00:07.573,2.41451,2.41561,1.75,1.75
2015.08.26 06:00:11.132,2.41443,2.41546,1.75,1.00
2015.08.26 06:00:11.677,2.41443,2.41547,1.75,1.00
2015.08.26 06:00:12.524,2.41445,2.41556,1.75,1.00
2015.08.26 06:00:13.029,2.41454,2.41556,1.75,1.34
2015.08.26 06:00:13.597,2.41454,2.41529,1.37,1.37
2015.08.26 06:00:13.647,2.41413,2.41514,1.75,1.00
2015.08.26 06:00:13.748,2.41413,2.41517,1.00,1.75
2015.08.26 06:00:13.850,2.41403,2.41517,1.75,2.25
2015.08.26 06:00:14.304,2.41396,2.41506,1.75,1.00
2015.08.26 06:00:16.509,2.41396,2.41507,1.75,1.00
2015.08.26 06:00:16.593,2.41404,2.41512,1.75,1.37
2015.08.26 06:00:16.992,2.41404,2.41505,1.75,1.00
2015.08.26 06:00:17.294,2.41404,2.41499,1.00,1.37
2015.08.26 06:00:17.990,2.41393,2.41493,1.09,1.00
2015.08.26 06:00:18.196,2.41393,2.41496,1.09,1.00
2015.08.26 06:00:18.298,2.41393,2.415,1.09,1.87
2015.08.26 06:00:18.614,2.41393,2.41495,1.09,1.00
2015.08.26 06:00:18.950,2.41393,2.41493,1.09,1.00
2015.08.26 06:00:19.500,2.41393,2.41497,1.09,1.00
2015.08.26 06:00:20.013,2.41387,2.41497,1.09,1.37
2015.08.26 06:00:20.064,2.41386,2.41495,1.71,1.75
2015.08.26 06:00:21.221,2.41387,2.41497,1.75,1.34
2015.08.26 06:00:21.775,2.41387,2.41487,1.75,1.00
2015.08.26 06:00:22.129,2.41387,2.41496,1.75,1.34
2015.08.26 06:00:22.814,2.41387,2.41476,1.75,1.00
2015.08.26 06:00:22.865,2.41392,2.41486,1.75,1.00
2015.08.26 06:00:23.016,2.41399,2.41486,1.37,1.00
2015.08.26 06:00:23.117,2.41399,2.41506,1.75,1.00
2015.08.26 06:00:24.221,2.41399,2.41507,1.75,1.00
2015.08.26 06:00:26.539,2.414,2.41507,1.75,1.34
2015.08.26 06:00:26.942,2.414,2.41497,1.75,1.00
2015.08.26 06:00:27.044,2.414,2.41507,1.75,1.34
2015.08.26 06:00:27.766,2.41415,2.41525,1.37,1.71
2015.08.26 06:00:27.818,2.41421,2.41532,1.50,1.09
2015.08.26 06:00:27.919,2.41421,2.41536,1.75,1.71
2015.08.26 06:00:27.969,2.41421,2.41536,1.75,1.34
2015.08.26 06:00:28.071,2.41432,2.41537,1.09,1.00
2015.08.26 06:00:28.172,2.41432,2.41542,1.84,1.09
2015.08.26 06:00:28.323,2.41435,2.41546,1.09,1.75
2015.08.26 06:00:28.475,2.41444,2.41564,2.25,1.75
2015.08.26 06:00:29.046,2.41442,2.41556,1.09,1.37
2015.08.26 06:00:29.106,2.41433,2.4155,1.75,1.75
2015.08.26 06:00:30.503,2.41444,2.41556,1.75,1.46
2015.08.26 06:00:30.805,2.41452,2.41556,1.75,1.34
2015.08.26 06:00:31.057,2.41452,2.41557,1.75,1.00
2015.08.26 06:00:31.259,2.41452,2.41566,1.75,1.00
2015.08.26 06:00:31.873,2.41452,2.41556,1.75,1.00
2015.08.26 06:00:32.464,2.41452,2.41557,1.75,1.00
2015.08.26 06:00:33.267,2.41452,2.41556,1.75,1.00
2015.08.26 06:00:33.818,2.41452,2.41557,2.25,1.00
2015.08.26 06:00:34.690,2.41452,2.41547,1.75,1.00
2015.08.26 06:00:34.741,2.41444,2.41547,2.25,1.00
2015.08.26 06:00:36.128,2.41436,2.41547,1.75,1.37
2015.08.26 06:00:39.291,2.41444,2.41547,1.75,1.00
2015.08.26 06:00:39.738,2.41445,2.41557,1.75,1.09
2015.08.26 06:00:39.839,2.41445,2.41557,2.05,1.09
2015.08.26 06:00:41.219,2.41451,2.41557,1.75,1.09
2015.08.26 06:00:41.747,2.41451,2.41556,1.75,1.00
2015.08.26 06:00:42.520,2.41451,2.41557,1.75,1.09
2015.08.26 06:00:44.757,2.41451,2.41556,1.75,1.00
2015.08.26 06:00:45.681,2.41451,2.41557,1.75,1.09
2015.08.26 06:00:47.327,2.4145,2.41556,1.75,1.00
2015.08.26 06:00:47.676,2.4145,2.41546,1.75,1.00
2015.08.26 06:00:47.987,2.4145,2.41557,1.75,1.09
2015.08.26 06:00:48.951,2.41451,2.41547,1.75,1.00
2015.08.26 06:00:49.523,2.41448,2.41546,2.05,1.00
2015.08.26 06:00:50.523,2.41448,2.41547,2.05,1.00
2015.08.26 06:00:51.093,2.41448,2.41546,2.05,1.00
2015.08.26 06:00:51.504,2.41448,2.41536,2.05,1.00
2015.08.26 06:00:52.081,2.41448,2.41546,2.05,1.00
2015.08.26 06:00:53.556,2.41443,2.41546,1.75,1.00
2015.08.26 06:00:53.758,2.41455,2.41546,1.00,1.00
2015.08.26 06:00:53.809,2.41455,2.41557,1.75,1.09
2015.08.26 06:00:54.061,2.41455,2.41556,1.75,1.34
2015.08.26 06:00:54.212,2.41441,2.41546,1.75,1.34
2015.08.26 06:00:55.465,2.41452,2.41557,1.12,1.75
2015.08.26 06:00:55.516,2.41452,2.41557,1.75,1.00
2015.08.26 06:00:56.307,2.41452,2.41556,1.75,1.00
2015.08.26 06:00:59.241,2.41468,2.41556,1.00,1.00
2015.08.26 06:01:00.071,2.41468,2.41574,1.75,1.34
2015.08.26 06:01:00.274,2.41468,2.4157,1.75,1.00
2015.08.26 06:01:00.592,2.41467,2.41575,1.75,1.50
2015.08.26 06:01:01.384,2.41504,2.41592,1.75,1.00
2015.08.26 06:01:01.442,2.41504,2.41607,1.75,1.34
2015.08.26 06:01:02.802,2.41494,2.41601,1.75,1.00
2015.08.26 06:01:03.455,2.41494,2.41602,1.75,1.00
2015.08.26 06:01:03.969,2.41494,2.41601,1.75,1.00
2015.08.26 06:01:04.499,2.41494,2.41603,1.75,1.00
2015.08.26 06:01:04.550,2.41503,2.41607,1.75,1.34
2015.08.26 06:01:06.487,2.41503,2.41604,1.75,1.00
2015.08.26 06:01:07.541,2.41514,2.41609,1.00,1.46
2015.08.26 06:01:07.852,2.41513,2.41623,1.75,1.34
2015.08.26 06:01:09.812,2.41534,2.41613,1.75,1.34
2015.08.26 06:01:09.868,2.41534,2.41633,1.75,1.34
2015.08.26 06:01:11.483,2.41543,2.41637,1.00,1.34
2015.08.26 06:01:11.534,2.41543,2.41641,1.75,1.34
2015.08.26 06:01:14.677,2.41562,2.41652,1.00,1.34
2015.08.26 06:01:14.779,2.41566,2.41665,1.75,1.00
2015.08.26 06:01:14.980,2.41573,2.41676,1.75,1.00
2015.08.26 06:01:15.031,2.41574,2.41686,1.50,2.59
2015.08.26 06:01:15.795,2.41575,2.41681,1.37,1.09
2015.08.26 06:01:15.946,2.41573,2.41669,1.00,1.09
2015.08.26 06:01:15.997,2.41563,2.41664,1.75,1.34
2015.08.26 06:01:18.125,2.41553,2.41657,1.50,1.46
2015.08.26 06:01:19.125,2.41558,2.41658,1.00,1.71
2015.08.26 06:01:19.452,2.41558,2.41658,1.75,1.34
2015.08.26 06:01:30.304,2.41558,2.41657,1.75,1.00
2015.08.26 06:01:30.355,2.41559,2.41664,1.75,1.00
2015.08.26 06:01:30.456,2.41565,2.41666,1.75,1.00
2015.08.26 06:01:30.558,2.41576,2.41682,1.37,1.46
2015.08.26 06:01:30.608,2.41576,2.41682,1.75,1.09
2015.08.26 06:01:31.313,2.41583,2.41686,1.75,1.00
2015.08.26 06:01:32.012,2.41574,2.41685,1.84,1.00
2015.08.26 06:01:32.912,2.41574,2.41686,1.84,1.50
2015.08.26 06:01:32.968,2.41604,2.41696,1.75,1.00
2015.08.26 06:01:33.069,2.41604,2.41699,2.25,1.00
2015.08.26 06:01:34.503,2.41608,2.41718,1.75,2.96
2015.08.26 06:01:34.554,2.41604,2.41711,1.75,1.00
2015.08.26 06:01:34.963,2.41604,2.41707,1.75,1.00
2015.08.26 06:01:35.224,2.41604,2.41711,1.75,1.00
2015.08.26 06:01:36.067,2.41603,2.4171,1.37,1.37
2015.08.26 06:01:36.117,2.41594,2.4171,1.75,1.75
2015.08.26 06:01:38.126,2.41593,2.41703,1.00,1.75
2015.08.26 06:01:38.654,2.41594,2.41703,1.00,1.75
2015.08.26 06:01:38.913,2.41594,2.41703,1.75,1.75
2015.08.26 06:01:39.500,2.41604,2.41703,1.00,1.75
2015.08.26 06:01:40.003,2.41603,2.41703,1.00,1.75
2015.08.26 06:01:44.021,2.41604,2.41703,1.00,1.75
2015.08.26 06:01:45.452,2.41603,2.41703,1.00,1.75
2015.08.26 06:01:45.879,2.41614,2.41703,1.00,1.75
2015.08.26 06:01:45.929,2.41603,2.41704,1.00,1.75
2015.08.26 06:01:46.528,2.41593,2.41698,1.00,1.75
2015.08.26 06:01:47.097,2.41594,2.41698,1.00,1.75
2015.08.26 06:01:47.349,2.41583,2.41687,1.50,1.12
2015.08.26 06:01:48.143,2.41575,2.41684,1.75,1.00
2015.08.26 06:01:48.700,2.41575,2.4168,1.75,1.00
2015.08.26 06:01:49.237,2.41575,2.41681,1.75,1.00
2015.08.26 06:01:49.873,2.41575,2.4168,1.75,1.00
2015.08.26 06:01:50.205,2.41574,2.4168,1.12,1.75
2015.08.26 06:01:52.199,2.41571,2.41667,1.09,1.00
2015.08.26 06:01:54.000,2.41553,2.41663,2.25,1.00
2015.08.26 06:01:57.436,2.41565,2.41669,1.09,1.00
2015.08.26 06:01:57.956,2.41565,2.4167,1.09,1.00
2015.08.26 06:01:58.875,2.41565,2.41669,1.09,1.00
2015.08.26 06:01:59.428,2.41565,2.4167,1.09,1.00
2015.08.26 06:01:59.950,2.41565,2.41669,1.09,1.00
2015.08.26 06:02:00.854,2.41574,2.41686,3.00,1.34
2015.08.26 06:02:01.156,2.41582,2.41686,1.75,1.34
2015.08.26 06:02:01.538,2.41582,2.41686,2.25,1.00
2015.08.26 06:02:01.639,2.41583,2.41697,1.75,1.00
2015.08.26 06:02:02.330,2.41605,2.41704,1.75,1.00
2015.08.26 06:02:02.381,2.41605,2.41707,1.75,1.00
2015.08.26 06:02:02.845,2.41605,2.41717,1.75,1.46
2015.08.26 06:02:10.101,2.41604,2.41706,1.75,1.00
2015.08.26 06:02:12.829,2.4159,2.41696,1.75,1.00
2015.08.26 06:02:16.162,2.41586,2.41697,1.75,1.00
2015.08.26 06:02:17.052,2.41586,2.41703,1.75,1.75
2015.08.26 06:02:17.937,2.41593,2.41706,1.75,1.37
2015.08.26 06:02:17.987,2.41602,2.41706,1.75,1.00
2015.08.26 06:02:18.088,2.41602,2.41709,1.75,1.00
2015.08.26 06:02:18.139,2.41603,2.41716,1.75,1.71
2015.08.26 06:02:19.749,2.41606,2.41706,1.75,1.00
2015.08.26 06:02:20.323,2.41606,2.41716,1.75,1.71
2015.08.26 06:02:23.037,2.41611,2.41723,1.50,1.71
2015.08.26 06:02:23.189,2.41618,2.41726,1.75,1.00
2015.08.26 06:02:23.767,2.41625,2.41735,1.75,1.09
2015.08.26 06:02:26.722,2.41627,2.41736,1.50,1.71
2015.08.26 06:02:26.773,2.41627,2.41736,1.75,1.34
2015.08.26 06:02:32.872,2.41619,2.41735,1.75,1.84
2015.08.26 06:02:35.008,2.41644,2.41736,1.37,1.71
2015.08.26 06:02:35.061,2.41644,2.4175,1.75,1.00
2015.08.26 06:02:35.112,2.41644,2.41754,1.75,1.00
2015.08.26 06:02:35.617,2.41648,2.41756,1.75,1.37
2015.08.26 06:02:36.878,2.41653,2.41756,1.00,1.37
2015.08.26 06:02:36.979,2.41653,2.41756,1.37,1.37
2015.08.26 06:02:37.515,2.41653,2.41756,1.75,1.00
2015.08.26 06:02:38.108,2.41653,2.41761,1.75,1.34
2015.08.26 06:02:41.585,2.41653,2.41756,1.75,1.00
2015.08.26 06:02:42.123,2.41653,2.41764,1.75,1.00
2015.08.26 06:02:42.799,2.41653,2.41762,1.75,1.00
2015.08.26 06:02:43.285,2.41653,2.41764,1.75,1.00
2015.08.26 06:02:43.632,2.41653,2.41765,1.75,1.09
2015.08.26 06:02:44.386,2.41661,2.41767,1.75,1.34
2015.08.26 06:02:46.020,2.41657,2.4177,1.75,1.34
2015.08.26 06:02:46.272,2.41654,2.41764,1.75,1.09
2015.08.26 06:02:51.351,2.41654,2.41758,1.75,1.00
2015.08.26 06:02:52.087,2.41653,2.41763,1.75,1.71
2015.08.26 06:02:55.477,2.41643,2.41752,1.37,1.37
2015.08.26 06:02:55.528,2.41643,2.41752,1.00,1.75
2015.08.26 06:02:56.317,2.41644,2.41745,1.00,1.09
2015.08.26 06:02:56.519,2.41636,2.41745,1.75,1.09
2015.08.26 06:03:09.716,2.41633,2.41743,1.37,1.71
2015.08.26 06:03:09.817,2.41633,2.41734,1.00,1.09
2015.08.26 06:03:10.373,2.41625,2.41734,1.75,1.09
2015.08.26 06:03:18.925,2.41631,2.41734,1.00,1.09
2015.08.26 06:03:19.156,2.41629,2.41734,1.12,1.09
2015.08.26 06:03:22.737,2.41632,2.41734,1.00,1.09
2015.08.26 06:03:24.583,2.41632,2.41726,1.00,1.00
2015.08.26 06:03:24.685,2.41632,2.41734,1.00,1.09
2015.08.26 06:03:25.307,2.41632,2.41736,1.75,1.34
2015.08.26 06:03:27.750,2.41641,2.41737,1.00,1.34
2015.08.26 06:03:27.810,2.41625,2.41737,1.75,1.34
2015.08.26 06:03:28.864,2.41644,2.4174,1.00,1.09
2015.08.26 06:03:29.551,2.41633,2.4174,1.75,1.09
2015.08.26 06:03:30.979,2.41643,2.4174,1.00,1.09
2015.08.26 06:03:31.269,2.41634,2.4174,1.75,1.09
2015.08.26 06:03:37.898,2.41644,2.41746,1.75,1.34
2015.08.26 06:03:43.970,2.41633,2.41735,1.00,1.09
2015.08.26 06:03:44.486,2.41634,2.41735,1.00,1.09
2015.08.26 06:03:46.097,2.41624,2.41716,1.00,1.75
2015.08.26 06:03:46.618,2.41623,2.41716,1.00,1.75
2015.08.26 06:03:47.157,2.41624,2.41715,1.00,1.75
2015.08.26 06:03:48.617,2.41614,2.41703,1.00,1.37
2015.08.26 06:03:49.084,2.41603,2.41707,1.09,2.25
2015.08.26 06:03:49.185,2.41614,2.41706,1.00,1.75
2015.08.26 06:03:50.050,2.41623,2.41711,1.00,1.75
2015.08.26 06:03:50.203,2.41623,2.41719,1.00,1.09
2015.08.26 06:03:50.744,2.41624,2.41719,1.00,1.09
2015.08.26 06:03:52.508,2.41624,2.4171,1.00,1.00
2015.08.26 06:03:52.810,2.41591,2.41684,1.00,1.71
2015.08.26 06:03:52.861,2.41583,2.41684,1.00,1.71
2015.08.26 06:03:53.551,2.41584,2.41683,1.00,1.71
2015.08.26 06:03:57.246,2.41583,2.41685,1.00,1.09
2015.08.26 06:03:59.390,2.41584,2.41685,1.00,1.09
2015.08.26 06:04:00.835,2.41593,2.41685,1.00,1.09
2015.08.26 06:04:00.886,2.41593,2.41691,1.00,1.75
2015.08.26 06:04:00.937,2.41593,2.41691,1.00,1.00
2015.08.26 06:04:01.038,2.41604,2.41697,1.00,1.09
2015.08.26 06:04:02.944,2.41603,2.41697,1.00,1.09
2015.08.26 06:04:03.257,2.41613,2.41718,1.00,2.25
2015.08.26 06:04:08.654,2.41604,2.41718,1.75,1.75
2015.08.26 06:04:09.381,2.41604,2.41711,1.37,1.37
2015.08.26 06:04:09.830,2.41603,2.4171,1.00,1.75
2015.08.26 06:04:12.709,2.41604,2.4171,1.00,1.75
2015.08.26 06:04:13.263,2.41603,2.4171,1.00,1.75
2015.08.26 06:04:14.257,2.41604,2.41713,1.00,1.75
2015.08.26 06:04:14.459,2.41613,2.41713,1.00,1.75
2015.08.26 06:04:15.784,2.41604,2.41714,1.75,1.75
2015.08.26 06:04:18.408,2.41614,2.41715,1.00,2.25
2015.08.26 06:04:20.112,2.41613,2.4172,1.75,1.84
2015.08.26 06:04:22.252,2.41614,2.41719,1.37,1.46
2015.08.26 06:04:22.303,2.41614,2.41719,1.00,1.84
2015.08.26 06:04:23.627,2.41623,2.41719,1.00,1.09
2015.08.26 06:04:23.678,2.41623,2.41724,1.00,1.09
2015.08.26 06:04:23.732,2.41613,2.41714,1.75,1.00
2015.08.26 06:04:23.834,2.41613,2.41724,1.75,1.09
2015.08.26 06:04:24.136,2.41624,2.41724,1.00,1.09
2015.08.26 06:04:25.151,2.41623,2.41724,1.00,1.09
2015.08.26 06:04:25.560,2.41624,2.41732,1.75,1.34
2015.08.26 06:04:27.328,2.41633,2.41732,1.00,1.34
2015.08.26 06:04:34.099,2.41623,2.41722,1.00,1.46
2015.08.26 06:04:34.604,2.41613,2.41722,1.75,1.46
2015.08.26 06:04:35.702,2.41614,2.41719,1.00,1.75
2015.08.26 06:04:36.208,2.41613,2.41716,1.00,1.75
2015.08.26 06:04:36.739,2.41614,2.41716,1.00,2.25
2015.08.26 06:04:38.695,2.41613,2.41719,1.00,1.75
2015.08.26 06:04:39.391,2.41624,2.41719,1.00,1.37
2015.08.26 06:04:39.902,2.41623,2.4172,1.00,1.09
2015.08.26 06:04:41.122,2.41614,2.41716,1.75,1.00
2015.08.26 06:04:41.526,2.41605,2.41716,1.50,1.75
2015.08.26 06:04:41.997,2.41614,2.41716,1.00,1.75
2015.08.26 06:04:45.501,2.41613,2.41716,1.00,1.75
2015.08.26 06:04:48.940,2.41613,2.4172,1.12,1.84
2015.08.26 06:04:49.393,2.41618,2.4172,1.50,1.09
2015.08.26 06:04:49.697,2.41634,2.41734,1.00,1.09
2015.08.26 06:04:54.402,2.41624,2.41734,1.75,1.09
2015.08.26 06:04:56.830,2.41634,2.41734,1.00,1.09
2015.08.26 06:04:57.361,2.41633,2.41734,1.00,1.09
2015.08.26 06:05:00.349,2.41627,2.41734,1.50,1.09
2015.08.26 06:05:04.436,2.41627,2.41734,1.00,1.09
2015.08.26 06:05:17.970,2.41624,2.41727,1.12,1.71
2015.08.26 06:05:18.071,2.41614,2.4172,1.12,1.09
2015.08.26 06:05:22.002,2.41614,2.41726,1.37,1.84
2015.08.26 06:05:22.053,2.41614,2.41726,1.75,1.46
2015.08.26 06:05:29.190,2.41626,2.41734,1.37,1.71
2015.08.26 06:05:34.070,2.41627,2.41735,1.75,1.34
2015.08.26 06:05:35.580,2.41627,2.41737,1.75,1.00
2015.08.26 06:05:35.631,2.41636,2.41746,1.37,1.75
2015.08.26 06:05:35.782,2.41644,2.4175,1.00,1.75
2015.08.26 06:05:35.883,2.41653,2.41762,1.50,1.75
2015.08.26 06:05:36.936,2.41663,2.41763,1.00,1.09
2015.08.26 06:05:37.272,2.41663,2.41757,1.00,1.09
2015.08.26 06:05:37.598,2.41663,2.41767,1.75,1.34
2015.08.26 06:05:37.907,2.41673,2.41769,1.00,1.09
2015.08.26 06:05:40.449,2.41674,2.41769,1.00,1.09
2015.08.26 06:05:40.804,2.41665,2.41769,1.12,1.09
2015.08.26 06:05:41.279,2.41666,2.41776,1.00,1.75
2015.08.26 06:05:41.817,2.41684,2.41778,1.00,1.84
2015.08.26 06:05:41.867,2.41684,2.41776,1.00,1.09
2015.08.26 06:05:41.918,2.41673,2.41776,1.00,1.09
2015.08.26 06:05:42.020,2.41684,2.41776,1.00,1.09
2015.08.26 06:05:42.329,2.41684,2.41772,1.00,1.09
2015.08.26 06:05:42.380,2.41673,2.41777,1.00,1.84
2015.08.26 06:05:42.481,2.41684,2.41777,1.00,1.09
2015.08.26 06:05:42.784,2.41683,2.41776,1.37,1.00
2015.08.26 06:05:42.835,2.41683,2.41776,1.00,1.00
2015.08.26 06:05:43.388,2.41684,2.41779,1.00,1.09
2015.08.26 06:05:43.928,2.41683,2.41779,1.00,1.09
2015.08.26 06:05:45.012,2.41684,2.41779,1.00,1.09
2015.08.26 06:05:45.638,2.41683,2.41779,1.00,1.09
2015.08.26 06:05:51.881,2.41683,2.4179,1.37,2.21
2015.08.26 06:05:52.238,2.41683,2.41789,1.75,1.34
2015.08.26 06:05:56.904,2.41694,2.418,1.37,1.71
2015.08.26 06:05:56.955,2.41694,2.41806,1.75,1.50
2015.08.26 06:05:57.006,2.41693,2.418,1.75,1.00
2015.08.26 06:05:57.308,2.41714,2.41806,1.00,1.50
2015.08.26 06:05:57.409,2.41703,2.41806,1.12,1.50
2015.08.26 06:05:58.300,2.41714,2.41819,1.37,1.09
2015.08.26 06:06:04.713,2.41713,2.4181,1.00,1.87
2015.08.26 06:06:04.764,2.41705,2.41809,1.00,1.75
2015.08.26 06:06:05.303,2.41704,2.41804,1.00,1.75
2015.08.26 06:06:07.267,2.41703,2.41804,1.00,1.75
2015.08.26 06:06:09.546,2.41704,2.41809,1.00,1.75
2015.08.26 06:06:10.049,2.41713,2.41813,1.00,1.09
2015.08.26 06:06:10.100,2.41713,2.41813,1.00,1.09
2015.08.26 06:06:10.151,2.41713,2.41813,1.00,1.09
2015.08.26 06:06:11.531,2.41714,2.41813,1.00,1.09
2015.08.26 06:06:13.329,2.41713,2.41813,1.00,1.09
2015.08.26 06:06:13.837,2.41714,2.41813,1.00,1.09
2015.08.26 06:06:13.887,2.41724,2.41813,1.00,1.09
2015.08.26 06:06:16.226,2.41723,2.41824,1.12,1.34
2015.08.26 06:06:24.180,2.41714,2.41816,1.00,1.71
2015.08.26 06:06:26.646,2.41713,2.41817,1.00,1.84
2015.08.26 06:06:27.652,2.41713,2.41816,1.00,1.71
2015.08.26 06:06:28.941,2.41703,2.41806,1.75,1.00
2015.08.26 06:06:28.992,2.41703,2.41806,1.00,1.75
2015.08.26 06:06:29.707,2.41704,2.41806,1.00,2.25
2015.08.26 06:06:30.744,2.41703,2.41805,1.00,1.75
2015.08.26 06:06:33.088,2.41694,2.41788,1.00,1.09
2015.08.26 06:06:33.595,2.41693,2.41788,1.00,1.09
2015.08.26 06:06:33.797,2.41693,2.41793,1.00,1.75
2015.08.26 06:06:36.417,2.41694,2.41796,1.00,1.75
2015.08.26 06:06:36.922,2.41693,2.41798,1.00,1.75
2015.08.26 06:06:37.957,2.41704,2.41798,1.00,1.00
2015.08.26 06:06:38.265,2.41713,2.41812,1.34,1.87
2015.08.26 06:06:39.654,2.41724,2.41819,1.00,1.75
2015.08.26 06:06:40.472,2.41723,2.41819,1.00,1.75
2015.08.26 06:06:45.657,2.41724,2.41818,1.00,1.75
2015.08.26 06:06:47.526,2.41723,2.41815,1.00,1.75
2015.08.26 06:06:48.451,2.41724,2.41816,1.00,1.75
2015.08.26 06:06:49.007,2.41713,2.41816,1.34,1.75
2015.08.26 06:06:52.796,2.4171,2.41813,1.00,1.09
2015.08.26 06:06:53.753,2.41703,2.41813,1.09,1.84
2015.08.26 06:06:53.812,2.41702,2.41813,1.09,1.84
2015.08.26 06:06:55.745,2.41712,2.41813,1.00,1.09
2015.08.26 06:06:55.797,2.41712,2.41813,1.75,1.09
2015.08.26 06:07:00.453,2.41713,2.41827,2.25,3.00
2015.08.26 06:07:02.876,2.41714,2.41821,2.25,1.09
2015.08.26 06:07:05.134,2.41707,2.41808,1.00,1.09
2015.08.26 06:07:05.235,2.41703,2.41808,2.21,1.09
2015.08.26 06:07:10.227,2.41707,2.41808,1.00,1.09
2015.08.26 06:07:10.526,2.4171,2.41815,1.09,1.00
2015.08.26 06:07:10.627,2.4171,2.41823,1.09,3.00
2015.08.26 06:07:11.311,2.41724,2.41828,1.75,1.00
2015.08.26 06:07:11.818,2.41724,2.41836,1.75,2.21
2015.08.26 06:07:12.898,2.41741,2.41836,1.75,1.34
2015.08.26 06:07:19.771,2.41741,2.41844,1.12,1.09
2015.08.26 06:07:23.875,2.41744,2.41852,1.75,1.34
2015.08.26 06:07:32.981,2.41741,2.41849,1.75,1.09
2015.08.26 06:07:33.494,2.4174,2.41846,1.75,1.50
2015.08.26 06:07:41.490,2.41733,2.41847,2.25,1.87
2015.08.26 06:07:42.015,2.41734,2.41846,1.75,1.00
2015.08.26 06:07:42.923,2.41733,2.41845,1.75,1.00
2015.08.26 06:07:43.218,2.41734,2.41847,1.75,1.87
2015.08.26 06:07:43.319,2.41757,2.41847,1.00,1.12
2015.08.26 06:07:43.622,2.41752,2.41861,1.75,1.34
2015.08.26 06:07:44.277,2.41738,2.41846,2.05,1.12
2015.08.26 06:07:44.328,2.41734,2.41846,1.75,1.46
2015.08.26 06:07:46.787,2.41741,2.41847,1.75,1.37
2015.08.26 06:07:49.616,2.41745,2.41855,1.75,1.00
2015.08.26 06:07:51.092,2.41752,2.41855,2.47,1.00
2015.08.26 06:07:51.253,2.41765,2.41876,2.25,1.00
2015.08.26 06:07:52.434,2.41765,2.41873,1.75,1.00
2015.08.26 06:07:54.028,2.41759,2.41872,2.25,1.75
2015.08.26 06:07:55.671,2.41754,2.41853,1.37,1.00
2015.08.26 06:07:58.056,2.41741,2.41853,1.84,1.34
2015.08.26 06:07:58.157,2.41742,2.41845,1.00,1.09
2015.08.26 06:07:58.773,2.41741,2.41845,1.46,1.09
2015.08.26 06:07:59.518,2.41742,2.41845,1.00,1.09
2015.08.26 06:08:00.927,2.4176,2.41851,1.75,1.34
2015.08.26 06:08:00.978,2.41764,2.4187,1.75,1.09
2015.08.26 06:08:01.029,2.41767,2.41879,1.75,1.34
2015.08.26 06:08:01.281,2.41768,2.41879,1.75,1.34
2015.08.26 06:08:03.788,2.41772,2.41881,1.75,1.12
2015.08.26 06:08:03.838,2.41781,2.4188,1.00,1.00
2015.08.26 06:08:03.990,2.41792,2.41895,1.12,1.37
2015.08.26 06:08:04.040,2.41794,2.41897,1.00,1.09
2015.08.26 06:08:04.683,2.41794,2.41906,1.75,1.09
2015.08.26 06:08:04.986,2.41787,2.41901,1.75,1.71
2015.08.26 06:08:05.037,2.41787,2.41897,1.50,1.09
2015.08.26 06:08:05.138,2.41787,2.41897,1.12,1.09
2015.08.26 06:08:05.239,2.41783,2.41894,1.00,1.75
2015.08.26 06:08:05.899,2.41781,2.41887,1.00,1.75
2015.08.26 06:08:06.000,2.41771,2.41874,1.00,1.75
2015.08.26 06:08:06.152,2.41753,2.41852,1.37,1.37
2015.08.26 06:08:06.253,2.41751,2.41852,1.00,1.75
2015.08.26 06:08:06.355,2.41742,2.41852,1.37,1.75
2015.08.26 06:08:06.670,2.41741,2.41845,1.00,1.75
2015.08.26 06:08:07.228,2.41762,2.4186,1.00,1.75
2015.08.26 06:08:07.329,2.41751,2.41854,1.37,1.37
2015.08.26 06:08:07.380,2.41751,2.41854,1.00,1.75
2015.08.26 06:08:07.683,2.41751,2.41839,1.00,1.75
2015.08.26 06:08:07.886,2.41725,2.41839,1.00,1.75
2015.08.26 06:08:07.987,2.41722,2.41806,1.00,1.37
2015.08.26 06:08:08.621,2.41722,2.4183,1.00,1.75
2015.08.26 06:08:08.870,2.41716,2.4183,1.37,1.75
2015.08.26 06:08:08.936,2.41716,2.4183,1.00,1.75
2015.08.26 06:08:08.987,2.41714,2.41822,1.00,1.75
2015.08.26 06:08:09.088,2.41712,2.41821,1.00,1.75
2015.08.26 06:08:10.016,2.41714,2.41821,1.00,1.75
2015.08.26 06:08:10.726,2.41721,2.41822,1.00,1.75
2015.08.26 06:08:11.079,2.41713,2.4182,1.00,1.75
2015.08.26 06:08:11.707,2.41685,2.41799,1.75,1.75
2015.08.26 06:08:13.018,2.41685,2.41799,1.00,1.75
2015.08.26 06:08:13.068,2.41675,2.41784,1.12,1.75
2015.08.26 06:08:14.325,2.4165,2.41764,1.37,1.37
2015.08.26 06:08:14.378,2.41645,2.41758,1.75,1.75
2015.08.26 06:08:16.320,2.41638,2.4175,1.75,1.00
2015.08.26 06:08:20.566,2.41641,2.4175,1.00,1.75
2015.08.26 06:08:21.199,2.41651,2.4175,1.00,1.75
2015.08.26 06:08:21.300,2.41642,2.4175,1.00,1.75
2015.08.26 06:08:22.605,2.41652,2.4175,1.00,1.75
2015.08.26 06:08:22.916,2.41652,2.41764,1.50,2.05
2015.08.26 06:08:23.582,2.41652,2.4176,1.00,1.75
2015.08.26 06:08:24.115,2.41651,2.4176,1.00,1.75
2015.08.26 06:08:24.692,2.41652,2.4176,1.00,1.75
2015.08.26 06:08:25.946,2.41655,2.41765,1.00,1.75
2015.08.26 06:08:26.098,2.41655,2.41772,1.75,1.75
2015.08.26 06:08:31.243,2.41652,2.41758,1.75,1.00
2015.08.26 06:08:31.831,2.41652,2.41756,1.00,1.75
2015.08.26 06:08:32.613,2.41651,2.41758,1.00,1.75
2015.08.26 06:08:35.962,2.41649,2.41766,1.87,1.75
2015.08.26 06:08:36.163,2.41654,2.41766,1.00,1.75
2015.08.26 06:08:36.859,2.41653,2.41766,1.00,2.25
2015.08.26 06:08:36.910,2.41651,2.41766,1.00,3.00
2015.08.26 06:08:37.061,2.41651,2.41743,1.00,1.00
2015.08.26 06:08:37.163,2.41624,2.41737,1.75,1.00
2015.08.26 06:08:37.315,2.41621,2.41735,1.50,1.75
2015.08.26 06:08:38.201,2.41614,2.41722,1.75,1.37
2015.08.26 06:08:39.833,2.41621,2.41736,1.00,1.75
2015.08.26 06:08:45.467,2.41615,2.41723,1.75,1.50
2015.08.26 06:08:45.797,2.41604,2.41704,1.75,1.00
2015.08.26 06:08:45.848,2.41594,2.41704,1.75,1.00
2015.08.26 06:08:45.949,2.41593,2.41704,1.12,1.75
2015.08.26 06:08:46.265,2.41596,2.41701,1.00,1.75
2015.08.26 06:08:46.912,2.41602,2.41707,1.75,1.00
2015.08.26 06:08:47.571,2.41602,2.41715,1.75,1.00
2015.08.26 06:08:48.489,2.41602,2.41707,1.75,1.00
2015.08.26 06:08:50.104,2.41603,2.41716,1.75,1.00
2015.08.26 06:08:50.314,2.41603,2.41707,1.75,1.00
2015.08.26 06:08:51.331,2.41595,2.41706,2.25,1.00
2015.08.26 06:08:51.996,2.41612,2.41717,1.75,1.12
2015.08.26 06:08:52.047,2.41612,2.41717,1.75,1.00
2015.08.26 06:08:52.098,2.41614,2.41725,1.75,1.00
2015.08.26 06:08:52.754,2.41635,2.41725,1.00,1.00
2015.08.26 06:08:52.808,2.41635,2.4175,1.75,1.00
2015.08.26 06:08:52.858,2.41635,2.41747,1.75,1.00
2015.08.26 06:08:53.212,2.41651,2.41757,1.75,1.00
2015.08.26 06:08:53.313,2.41658,2.41757,1.00,1.00
2015.08.26 06:08:53.616,2.41658,2.41766,1.75,1.00
2015.08.26 06:08:53.869,2.41657,2.41768,1.75,1.00
2015.08.26 06:08:54.395,2.41657,2.41769,1.75,1.00
2015.08.26 06:08:55.063,2.41657,2.41766,1.75,1.00
2015.08.26 06:08:55.968,2.41657,2.41769,1.75,1.00
2015.08.26 06:08:56.470,2.41657,2.41771,1.75,1.50
2015.08.26 06:08:57.425,2.41664,2.41776,1.75,1.00
2015.08.26 06:08:57.927,2.41664,2.41777,2.25,1.00
2015.08.26 06:08:59.390,2.41664,2.41766,1.75,1.00
2015.08.26 06:09:00.771,2.4166,2.41766,1.75,1.00
2015.08.26 06:09:00.822,2.41657,2.41766,1.75,1.00
2015.08.26 06:09:02.857,2.41657,2.41767,1.75,1.00
2015.08.26 06:09:03.539,2.41657,2.41766,1.75,1.00
2015.08.26 06:09:04.064,2.41657,2.41767,1.75,1.00
2015.08.26 06:09:05.059,2.41657,2.41766,1.75,1.00
2015.08.26 06:09:05.606,2.41659,2.41767,1.75,1.00
2015.08.26 06:09:06.591,2.41659,2.41749,1.75,1.00
2015.08.26 06:09:06.742,2.41635,2.41736,1.37,1.34
2015.08.26 06:09:06.793,2.41635,2.41736,1.75,1.00
2015.08.26 06:09:06.844,2.41635,2.41748,1.75,1.00
2015.08.26 06:09:06.895,2.41635,2.41751,1.75,1.00
2015.08.26 06:09:06.996,2.41642,2.41759,1.00,1.75
2015.08.26 06:09:07.097,2.41642,2.41759,1.75,1.75
2015.08.26 06:09:08.253,2.41644,2.41759,1.75,1.37
2015.08.26 06:09:08.304,2.41651,2.41765,1.75,1.50
2015.08.26 06:09:08.796,2.41651,2.41757,1.75,1.00
2015.08.26 06:09:08.897,2.41633,2.41735,1.75,1.00
2015.08.26 06:09:08.998,2.4164,2.41736,2.05,1.00
2015.08.26 06:09:09.565,2.4164,2.41739,1.75,1.00
2015.08.26 06:09:09.616,2.41639,2.41756,2.25,1.75
2015.08.26 06:09:10.129,2.41648,2.41755,1.00,1.75
2015.08.26 06:09:10.432,2.41648,2.41763,1.75,1.75
2015.08.26 06:09:13.106,2.41658,2.41767,1.75,1.37
2015.08.26 06:09:13.156,2.41658,2.41767,1.75,1.00
2015.08.26 06:09:13.712,2.41658,2.41766,1.75,1.00
2015.08.26 06:09:14.567,2.41662,2.4177,1.75,1.00
2015.08.26 06:09:15.046,2.41658,2.41765,1.75,1.00
2015.08.26 06:09:15.884,2.41658,2.41765,1.00,1.75
2015.08.26 06:09:15.935,2.41645,2.41761,1.75,1.75
2015.08.26 06:09:17.729,2.41645,2.41756,1.75,1.00
2015.08.26 06:09:19.504,2.41645,2.41757,1.75,1.12
2015.08.26 06:09:20.325,2.41645,2.41756,1.75,1.00
2015.08.26 06:09:20.949,2.41646,2.41757,1.75,1.12
2015.08.26 06:09:23.451,2.4164,2.41746,2.25,1.00
2015.08.26 06:09:23.784,2.4164,2.41756,1.75,1.00
2015.08.26 06:09:25.015,2.41646,2.41756,1.75,1.00
2015.08.26 06:09:25.317,2.41656,2.41757,1.75,1.00
2015.08.26 06:09:25.670,2.41656,2.41766,1.75,1.00
2015.08.26 06:09:26.266,2.41679,2.4178,1.75,1.50
2015.08.26 06:09:26.568,2.41667,2.41767,1.75,1.00
2015.08.26 06:09:28.353,2.41666,2.41766,1.75,1.00
2015.08.26 06:09:29.746,2.41666,2.41767,1.75,1.00
2015.08.26 06:09:30.068,2.41668,2.41766,1.75,1.00
2015.08.26 06:09:30.270,2.41668,2.41776,1.75,1.00
2015.08.26 06:09:31.602,2.41672,2.41784,1.75,1.00
2015.08.26 06:09:31.703,2.41677,2.41786,1.75,1.00
2015.08.26 06:09:31.855,2.41687,2.41786,1.75,1.00
2015.08.26 06:09:32.057,2.4169,2.41797,1.75,1.00
2015.08.26 06:09:32.609,2.4169,2.41797,1.75,1.00
2015.08.26 06:09:33.062,2.41701,2.41806,1.75,1.00
2015.08.26 06:09:33.264,2.41711,2.41816,1.12,1.50
2015.08.26 06:09:33.315,2.41718,2.41816,1.00,1.50
2015.08.26 06:09:33.921,2.41718,2.41824,1.37,1.37
2015.08.26 06:09:33.972,2.41718,2.41827,1.75,1.00
2015.08.26 06:09:34.022,2.41718,2.41817,1.75,1.00
2015.08.26 06:09:34.375,2.41714,2.41825,2.05,1.00
2015.08.26 06:09:34.990,2.41723,2.41837,1.75,1.12
2015.08.26 06:09:35.044,2.41723,2.41827,1.75,1.00
2015.08.26 06:09:35.699,2.41715,2.41826,1.75,1.00
2015.08.26 06:09:36.564,2.41715,2.41817,1.75,1.00
2015.08.26 06:09:37.249,2.41716,2.41816,1.75,1.00
2015.08.26 06:09:38.504,2.41714,2.41816,2.25,1.00
2015.08.26 06:09:39.655,2.41714,2.41817,1.75,1.00
2015.08.26 06:09:43.023,2.41714,2.41816,1.75,1.00
2015.08.26 06:09:43.923,2.41714,2.41817,1.75,1.00
2015.08.26 06:09:44.433,2.41713,2.41816,1.75,1.00
2015.08.26 06:09:48.910,2.41709,2.41817,1.75,1.75
2015.08.26 06:09:50.715,2.41709,2.41806,1.75,1.00
2015.08.26 06:09:53.700,2.41705,2.41817,1.75,1.75
2015.08.26 06:09:59.320,2.41702,2.41807,1.75,1.00
2015.08.26 06:10:00.313,2.41701,2.41806,1.75,1.00
2015.08.26 06:10:01.313,2.41701,2.41807,1.00,1.75
2015.08.26 06:10:01.364,2.41714,2.41807,1.00,1.75
2015.08.26 06:10:01.465,2.41722,2.41827,1.75,1.00
2015.08.26 06:10:01.516,2.41722,2.41835,1.75,1.75
2015.08.26 06:10:01.617,2.41722,2.41827,1.75,1.00
2015.08.26 06:10:02.573,2.4171,2.41817,1.75,1.00
2015.08.26 06:10:02.626,2.41705,2.41817,1.75,1.37
2015.08.26 06:10:02.677,2.41705,2.41817,1.75,1.75
2015.08.26 06:10:03.181,2.41698,2.41807,1.75,1.00
2015.08.26 06:10:03.850,2.41689,2.41797,1.75,1.00
2015.08.26 06:10:03.904,2.41689,2.41797,1.75,1.00
2015.08.26 06:10:04.410,2.41689,2.41804,1.75,1.75
2015.08.26 06:10:04.585,2.41689,2.41796,1.75,1.00
2015.08.26 06:10:05.232,2.41689,2.41804,1.75,1.75
2015.08.26 06:10:05.384,2.41699,2.41806,1.00,1.75
2015.08.26 06:10:05.766,2.41695,2.41806,1.75,1.00
2015.08.26 06:10:06.370,2.41695,2.41807,1.75,1.00
2015.08.26 06:10:07.712,2.41703,2.41816,1.75,1.75
2015.08.26 06:10:07.914,2.41699,2.41806,1.75,1.00
2015.08.26 06:10:08.887,2.41701,2.41816,1.75,1.75
2015.08.26 06:10:08.988,2.41701,2.41806,1.75,1.00
2015.08.26 06:10:09.893,2.41701,2.41816,1.75,1.75
2015.08.26 06:10:10.525,2.41701,2.41807,1.75,1.00
2015.08.26 06:10:10.827,2.41687,2.418,2.05,1.37
2015.08.26 06:10:12.106,2.41685,2.41796,1.75,1.75
2015.08.26 06:10:19.433,2.41691,2.41796,1.75,1.00
2015.08.26 06:10:19.992,2.41691,2.41803,1.75,1.12
2015.08.26 06:10:20.095,2.41691,2.41797,1.75,1.00
2015.08.26 06:10:22.361,2.41691,2.41796,1.75,1.00
2015.08.26 06:10:24.250,2.41679,2.41797,2.47,1.50
2015.08.26 06:10:24.351,2.41679,2.41797,1.75,2.25
2015.08.26 06:10:25.047,2.4168,2.41781,1.00,1.75
2015.08.26 06:10:25.264,2.41664,2.41781,1.75,1.75
2015.08.26 06:10:25.466,2.41665,2.41773,1.75,1.00
2015.08.26 06:10:25.777,2.41654,2.41766,1.75,1.50
2015.08.26 06:10:27.438,2.41653,2.4176,1.00,1.75
2015.08.26 06:10:27.989,2.41654,2.4176,1.00,1.75
2015.08.26 06:10:28.811,2.41644,2.4176,2.25,1.75
2015.08.26 06:10:33.212,2.41643,2.41753,1.00,1.75
2015.08.26 06:10:33.762,2.41641,2.41753,1.00,1.75
2015.08.26 06:10:34.738,2.41643,2.41753,1.00,1.75
2015.08.26 06:10:35.513,2.41637,2.41747,1.75,1.75
2015.08.26 06:10:35.972,2.41639,2.41754,2.25,1.50
2015.08.26 06:10:36.669,2.41639,2.41747,1.75,1.00
2015.08.26 06:10:36.958,2.4164,2.41753,1.75,1.12
2015.08.26 06:10:40.107,2.41639,2.41747,1.75,1.00
2015.08.26 06:10:42.669,2.4164,2.41751,1.75,1.00
2015.08.26 06:10:43.239,2.41639,2.41754,1.75,2.25
2015.08.26 06:10:43.290,2.41634,2.41748,1.75,1.00
2015.08.26 06:10:43.865,2.41634,2.41748,1.50,1.75
2015.08.26 06:10:45.424,2.41633,2.41736,1.00,1.75
2015.08.26 06:10:45.855,2.41624,2.41736,1.00,1.75
2015.08.26 06:10:47.637,2.41634,2.41736,1.00,3.00
2015.08.26 06:10:47.789,2.41634,2.41738,1.75,1.00
2015.08.26 06:10:48.344,2.41634,2.41744,1.75,2.25
2015.08.26 06:10:52.137,2.41633,2.41745,1.50,1.75
2015.08.26 06:10:52.188,2.41633,2.41742,1.75,1.75
2015.08.26 06:10:52.289,2.41625,2.41743,1.12,1.75
2015.08.26 06:10:52.792,2.41634,2.41743,1.00,1.75
2015.08.26 06:10:53.351,2.41621,2.41717,1.00,1.75
2015.08.26 06:10:53.403,2.41601,2.41717,1.75,1.75
2015.08.26 06:10:53.706,2.41604,2.41707,1.00,1.75
2015.08.26 06:10:53.907,2.41594,2.41707,1.75,1.75
2015.08.26 06:10:55.005,2.41582,2.41697,1.75,1.75
2015.08.26 06:10:58.289,2.41575,2.41687,1.75,1.00
2015.08.26 06:10:58.947,2.41582,2.41694,1.75,1.75
2015.08.26 06:11:02.629,2.41583,2.41679,1.00,1.37
2015.08.26 06:11:02.730,2.41566,2.41677,1.75,1.00
2015.08.26 06:11:03.234,2.41565,2.41676,1.75,1.00
2015.08.26 06:11:03.335,2.41565,2.41676,1.50,1.75
2015.08.26 06:11:03.386,2.41573,2.41679,1.00,1.75
2015.08.26 06:11:03.538,2.41573,2.4168,1.75,1.87
2015.08.26 06:11:04.139,2.41603,2.41713,1.75,1.75
2015.08.26 06:11:07.374,2.41613,2.4171,1.00,1.37
2015.08.26 06:11:07.475,2.41609,2.41715,1.00,1.75
2015.08.26 06:11:07.525,2.41613,2.41721,1.37,1.37
2015.08.26 06:11:07.576,2.41613,2.41722,1.75,1.00
2015.08.26 06:11:08.678,2.41604,2.41721,1.75,1.00
2015.08.26 06:11:08.728,2.41604,2.41719,1.75,1.37
2015.08.26 06:11:08.779,2.41604,2.41719,1.75,1.75
2015.08.26 06:11:12.288,2.41612,2.41715,1.00,1.75
2015.08.26 06:11:12.389,2.41605,2.41722,1.75,2.25
2015.08.26 06:11:13.515,2.41632,2.41726,1.37,1.37
2015.08.26 06:11:13.572,2.41632,2.41746,2.25,1.75
2015.08.26 06:11:13.724,2.41645,2.41756,1.00,1.75
2015.08.26 06:11:13.880,2.41647,2.41766,1.75,2.25
2015.08.26 06:11:14.141,2.41664,2.4177,1.37,1.37
2015.08.26 06:11:14.192,2.41664,2.41775,1.75,1.75
2015.08.26 06:11:22.308,2.41676,2.41776,1.00,2.25
2015.08.26 06:11:22.509,2.41677,2.41794,1.75,2.25
2015.08.26 06:11:23.851,2.4167,2.41776,1.75,1.00
2015.08.26 06:11:24.253,2.41671,2.41783,1.75,1.37
2015.08.26 06:11:25.683,2.4167,2.41777,1.37,1.37
2015.08.26 06:11:25.734,2.41656,2.41768,1.75,1.00
2015.08.26 06:11:25.835,2.41656,2.41766,1.75,1.00
2015.08.26 06:11:26.594,2.41655,2.41767,1.75,1.00
2015.08.26 06:11:28.133,2.41661,2.41769,2.25,1.00
2015.08.26 06:11:28.188,2.41662,2.41774,1.75,1.75
2015.08.26 06:11:28.723,2.41667,2.41777,1.75,1.37
2015.08.26 06:11:28.774,2.41667,2.41777,1.75,1.00
2015.08.26 06:11:28.976,2.41659,2.41777,1.75,1.37
2015.08.26 06:11:29.026,2.41659,2.41777,1.75,1.75
2015.08.26 06:11:29.233,2.4166,2.41767,1.75,1.00
2015.08.26 06:11:30.097,2.41659,2.41769,1.75,1.00
2015.08.26 06:11:30.292,2.4166,2.41767,1.75,1.00
2015.08.26 06:11:30.654,2.4166,2.41777,1.75,2.25
2015.08.26 06:11:33.470,2.41666,2.41777,1.75,1.37
2015.08.26 06:11:33.521,2.41672,2.41786,1.75,1.75
2015.08.26 06:11:33.960,2.41683,2.41786,1.37,1.37
2015.08.26 06:11:34.162,2.41683,2.41797,1.75,1.50
2015.08.26 06:11:34.741,2.41683,2.41797,1.75,1.12
2015.08.26 06:11:34.792,2.41693,2.41807,1.75,1.12
2015.08.26 06:11:34.843,2.41693,2.41797,1.75,1.00
2015.08.26 06:11:35.391,2.41693,2.41796,1.75,1.00
2015.08.26 06:11:35.594,2.41695,2.41806,1.75,1.00
2015.08.26 06:11:36.179,2.41695,2.41807,1.75,1.12
2015.08.26 06:11:36.483,2.41693,2.41806,1.37,1.37
2015.08.26 06:11:36.534,2.41684,2.418,1.00,1.75
2015.08.26 06:11:36.585,2.41682,2.41787,1.00,1.75
2015.08.26 06:11:36.635,2.41673,2.41779,1.75,1.00
2015.08.26 06:11:36.736,2.41663,2.41779,2.25,1.75
2015.08.26 06:11:40.660,2.41653,2.41764,1.75,1.00
2015.08.26 06:11:40.812,2.41653,2.4176,1.50,1.75
2015.08.26 06:11:50.014,2.41674,2.4178,1.00,2.05
2015.08.26 06:11:50.065,2.41674,2.41785,1.00,1.75
2015.08.26 06:11:50.574,2.41675,2.41785,1.37,1.37
2015.08.26 06:11:50.625,2.41675,2.41785,1.75,1.00
2015.08.26 06:11:50.676,2.41674,2.41791,2.25,1.75
2015.08.26 06:11:54.565,2.41697,2.41795,1.00,1.75
2015.08.26 06:11:54.716,2.4169,2.41804,1.75,1.00
2015.08.26 06:11:54.767,2.41694,2.41806,1.75,1.87
2015.08.26 06:11:55.316,2.41694,2.41805,1.75,1.00
2015.08.26 06:11:55.849,2.41695,2.41806,1.75,1.12
2015.08.26 06:11:56.001,2.41689,2.41805,1.75,1.37
2015.08.26 06:11:56.052,2.41684,2.41799,1.75,1.75
2015.08.26 06:11:56.818,2.41683,2.41791,1.75,1.00
2015.08.26 06:11:56.919,2.41674,2.41792,2.25,1.75
2015.08.26 06:11:57.183,2.41666,2.4178,1.75,1.00
2015.08.26 06:11:57.335,2.41661,2.41777,1.75,1.75
2015.08.26 06:11:58.054,2.41669,2.41784,1.75,1.75
2015.08.26 06:11:58.408,2.41668,2.41778,1.75,1.00
2015.08.26 06:11:59.298,2.41668,2.41785,1.75,1.75
2015.08.26 06:12:03.544,2.41668,2.41776,1.75,1.00
2015.08.26 06:12:04.286,2.41661,2.41776,2.25,1.37
2015.08.26 06:12:04.337,2.41661,2.41776,2.25,1.75
2015.08.26 06:12:05.842,2.41664,2.41764,1.75,1.00
2015.08.26 06:12:05.893,2.41646,2.41764,1.75,1.75
2015.08.26 06:12:05.994,2.41651,2.41764,1.37,1.75
2015.08.26 06:12:06.044,2.41651,2.41764,1.00,1.75
2015.08.26 06:12:06.095,2.41645,2.41764,3.00,1.75
2015.08.26 06:12:07.412,2.41633,2.4175,1.75,1.75
2015.08.26 06:12:07.462,2.41633,2.4175,1.75,1.75
2015.08.26 06:12:25.440,2.41643,2.41749,1.50,2.25
2015.08.26 06:12:25.593,2.41644,2.41757,1.84,1.00
2015.08.26 06:12:26.234,2.4167,2.41766,1.75,1.00
2015.08.26 06:12:26.285,2.4167,2.4178,1.75,1.00
2015.08.26 06:12:28.461,2.4167,2.4178,1.00,1.75
2015.08.26 06:12:29.603,2.41665,2.41774,1.75,1.75
2015.08.26 06:12:34.642,2.41658,2.41766,1.75,1.00
2015.08.26 06:12:35.297,2.41658,2.41765,1.75,1.00
2015.08.26 06:12:36.813,2.41653,2.41765,2.47,1.00
2015.08.26 06:12:36.864,2.41664,2.41776,1.75,1.00
2015.08.26 06:12:36.965,2.41665,2.4178,2.25,1.75
2015.08.26 06:12:38.189,2.41676,2.41787,1.00,1.75
2015.08.26 06:12:38.290,2.41676,2.41787,1.75,1.12
2015.08.26 06:12:48.177,2.41688,2.418,1.00,1.75
2015.08.26 06:12:48.480,2.41693,2.41806,1.00,1.75
2015.08.26 06:12:49.094,2.41706,2.41805,1.00,1.75
2015.08.26 06:12:49.455,2.41708,2.41818,1.00,1.75
2015.08.26 06:12:53.986,2.41712,2.4182,1.00,1.75
2015.08.26 06:12:54.550,2.4171,2.4182,1.00,1.75
2015.08.26 06:12:54.601,2.4171,2.41821,1.50,1.75
2015.08.26 06:12:55.202,2.41713,2.4182,1.00,1.75
2015.08.26 06:12:56.097,2.41714,2.41828,1.00,1.75
2015.08.26 06:12:59.708,2.41713,2.41827,1.50,1.75
2015.08.26 06:13:00.899,2.41716,2.4183,1.00,2.25
2015.08.26 06:13:01.825,2.41726,2.41829,1.00,1.75
2015.08.26 06:13:01.875,2.41726,2.4183,1.00,1.75
2015.08.26 06:13:02.422,2.41726,2.4183,1.00,1.75
2015.08.26 06:13:02.477,2.41723,2.41833,1.00,1.75
2015.08.26 06:13:02.844,2.41714,2.41826,1.00,1.75
2015.08.26 06:13:04.013,2.41713,2.41826,1.00,1.75
2015.08.26 06:13:04.442,2.41717,2.41827,1.00,1.75
2015.08.26 06:13:06.201,2.41717,2.41827,1.75,1.50
2015.08.26 06:13:17.982,2.41724,2.41841,2.25,1.75
2015.08.26 06:13:20.946,2.41753,2.41864,1.75,1.75
2015.08.26 06:13:20.997,2.41769,2.41885,1.75,1.75
2015.08.26 06:13:21.199,2.41755,2.41872,1.75,1.00
2015.08.26 06:13:21.300,2.41755,2.41872,1.75,1.75
2015.08.26 06:13:21.351,2.41762,2.41877,1.00,1.75
2015.08.26 06:13:21.503,2.41762,2.41876,1.75,1.00
2015.08.26 06:13:22.144,2.41772,2.41886,1.50,1.75
2015.08.26 06:13:23.727,2.4176,2.41876,1.37,1.75
2015.08.26 06:13:37.188,2.41762,2.41877,1.00,1.75
2015.08.26 06:13:37.801,2.41762,2.41876,1.75,1.50
2015.08.26 06:13:44.092,2.41783,2.41888,1.75,1.00
2015.08.26 06:13:44.143,2.41783,2.41896,1.75,1.75
2015.08.26 06:13:50.375,2.41804,2.41917,1.00,1.75
2015.08.26 06:13:51.816,2.41804,2.41916,1.75,1.37
2015.08.26 06:13:52.423,2.41804,2.41913,1.75,1.00
2015.08.26 06:13:52.575,2.41793,2.41905,1.75,2.25
2015.08.26 06:13:53.114,2.41788,2.41897,2.25,1.00
2015.08.26 06:13:53.671,2.41788,2.41896,1.75,1.00
2015.08.26 06:13:53.780,2.41788,2.41905,1.75,1.50
2015.08.26 06:13:54.723,2.41787,2.41899,1.75,1.00
2015.08.26 06:13:54.774,2.41784,2.41899,1.37,1.75
2015.08.26 06:13:57.204,2.41784,2.41887,1.37,1.00
2015.08.26 06:13:57.745,2.41784,2.41886,1.37,1.00
2015.08.26 06:13:58.527,2.41775,2.41887,2.25,1.00
2015.08.26 06:14:01.818,2.41775,2.41886,2.25,1.00
2015.08.26 06:14:02.605,2.41775,2.41877,2.25,1.00
2015.08.26 06:14:03.132,2.41775,2.41876,2.25,1.00
2015.08.26 06:14:04.758,2.41775,2.41846,2.25,1.00
2015.08.26 06:14:04.810,2.4174,2.41846,1.75,1.00
2015.08.26 06:14:06.144,2.41752,2.41846,1.00,1.00
2015.08.26 06:14:06.195,2.41752,2.41857,1.00,1.75
2015.08.26 06:14:06.296,2.41753,2.41857,1.75,1.00
2015.08.26 06:14:06.549,2.41755,2.41866,1.75,1.37
2015.08.26 06:14:11.657,2.41786,2.4188,1.75,1.50
2015.08.26 06:14:11.708,2.4179,2.41886,1.75,1.00
2015.08.26 06:14:11.809,2.4179,2.41907,1.75,1.00
2015.08.26 06:14:12.673,2.41806,2.41906,1.75,1.00
2015.08.26 06:14:15.870,2.41806,2.41906,1.75,1.00
2015.08.26 06:14:16.188,2.41811,2.41906,1.75,1.00
2015.08.26 06:14:16.289,2.41806,2.41906,1.75,1.00
2015.08.26 06:14:16.885,2.41798,2.41897,1.75,1.00
2015.08.26 06:14:16.990,2.41798,2.41906,1.75,1.00
2015.08.26 06:14:17.091,2.41809,2.41906,1.75,1.00
2015.08.26 06:14:18.892,2.41811,2.41916,1.75,1.00
2015.08.26 06:14:20.371,2.41811,2.41917,1.75,1.00
2015.08.26 06:14:21.142,2.41811,2.41916,1.75,1.00
2015.08.26 06:14:21.846,2.4182,2.41917,1.75,1.00
2015.08.26 06:14:25.233,2.41808,2.41906,1.75,1.00
2015.08.26 06:14:25.755,2.41799,2.41907,1.75,1.00
2015.08.26 06:14:26.542,2.41797,2.41906,1.75,1.00
2015.08.26 06:14:28.551,2.41797,2.41907,1.50,1.75
2015.08.26 06:14:30.500,2.41793,2.41896,1.75,1.00
2015.08.26 06:14:30.652,2.4179,2.41897,1.00,1.75
2015.08.26 06:14:30.753,2.41784,2.41897,2.25,1.75
2015.08.26 06:14:30.905,2.41783,2.41896,1.00,1.75
2015.08.26 06:14:30.955,2.41775,2.41888,1.09,1.75
2015.08.26 06:14:31.056,2.41771,2.41886,1.75,2.25
2015.08.26 06:14:31.835,2.41764,2.41877,1.75,1.00
2015.08.26 06:14:32.137,2.418,2.41907,1.75,1.00
2015.08.26 06:14:34.023,2.418,2.41906,2.25,1.00
2015.08.26 06:14:37.879,2.41798,2.41907,1.75,1.00
2015.08.26 06:14:38.944,2.41798,2.41906,1.75,1.00
2015.08.26 06:14:42.668,2.41791,2.41907,1.75,1.00
2015.08.26 06:14:43.018,2.41791,2.41896,1.75,1.00
2015.08.26 06:14:43.174,2.41791,2.41906,1.75,1.00
2015.08.26 06:14:44.536,2.41791,2.41907,1.75,1.00
2015.08.26 06:14:46.405,2.41791,2.41906,1.75,1.00
2015.08.26 06:14:46.938,2.41793,2.41897,1.75,1.00
2015.08.26 06:14:47.073,2.41793,2.41897,1.75,1.00
2015.08.26 06:14:48.828,2.41794,2.41907,1.75,1.75
2015.08.26 06:14:48.929,2.41795,2.41907,1.75,1.37
2015.08.26 06:14:48.980,2.41799,2.41907,1.75,1.00
2015.08.26 06:14:50.034,2.41799,2.41906,1.75,1.00
2015.08.26 06:14:50.963,2.41799,2.41906,2.25,1.75
2015.08.26 06:14:51.014,2.41799,2.41897,2.25,1.00
2015.08.26 06:14:51.764,2.41799,2.41907,1.75,1.75
2015.08.26 06:14:51.866,2.41799,2.41896,1.75,1.00
2015.08.26 06:14:52.218,2.41799,2.41907,1.75,1.75
2015.08.26 06:14:53.149,2.41787,2.41896,1.75,1.75
2015.08.26 06:14:53.774,2.41775,2.41886,1.75,1.00
2015.08.26 06:14:53.976,2.41774,2.41886,1.09,2.25
2015.08.26 06:14:54.077,2.41768,2.41867,1.75,1.00
2015.08.26 06:14:54.178,2.4177,2.41877,1.75,1.37
2015.08.26 06:14:56.303,2.41794,2.41907,1.75,1.00
2015.08.26 06:14:57.117,2.41794,2.41917,1.75,1.75
2015.08.26 06:14:57.168,2.41792,2.41906,1.75,1.00
2015.08.26 06:14:57.811,2.41797,2.41907,1.75,1.00
2015.08.26 06:14:58.694,2.41797,2.41896,1.75,1.00
2015.08.26 06:14:59.484,2.41797,2.41897,1.75,1.00
2015.08.26 06:15:00.003,2.41797,2.41896,1.75,1.00
2015.08.26 06:15:01.103,2.4179,2.41897,1.75,1.00
2015.08.26 06:15:03.184,2.4179,2.41897,1.75,1.00
2015.08.26 06:15:04.841,2.41789,2.41886,1.75,1.00
2015.08.26 06:15:05.181,2.4179,2.41897,1.75,1.00
2015.08.26 06:15:05.433,2.41785,2.41887,1.75,1.00
2015.08.26 06:15:05.697,2.41776,2.41887,2.25,1.37
2015.08.26 06:15:10.213,2.4177,2.41882,1.75,1.75
2015.08.26 06:15:25.504,2.41768,2.41876,1.75,1.00
2015.08.26 06:15:27.648,2.41767,2.41877,2.25,1.00
2015.08.26 06:15:28.189,2.4177,2.41876,1.75,1.00
2015.08.26 06:15:28.939,2.4177,2.41877,1.75,1.00
2015.08.26 06:15:29.559,2.41769,2.41876,1.75,1.00
2015.08.26 06:15:31.140,2.41772,2.41877,1.75,1.00
2015.08.26 06:15:33.053,2.41766,2.41876,1.75,1.00
2015.08.26 06:15:33.701,2.41769,2.41877,1.75,1.00
2015.08.26 06:15:36.642,2.41769,2.41876,1.75,1.00
2015.08.26 06:15:37.320,2.4177,2.41877,1.75,1.00
2015.08.26 06:15:38.960,2.41764,2.41876,1.75,1.00
2015.08.26 06:15:39.882,2.41764,2.41866,1.50,1.00
2015.08.26 06:15:40.389,2.41761,2.41875,1.75,1.75
2015.08.26 06:15:41.245,2.41753,2.41858,1.00,1.75
2015.08.26 06:15:41.301,2.41725,2.41836,2.25,1.75
2015.08.26 06:15:43.386,2.41718,2.41826,1.75,1.00
2015.08.26 06:15:43.669,2.41718,2.41837,1.75,1.75
2015.08.26 06:15:44.591,2.41719,2.4183,1.00,1.75
2015.08.26 06:15:44.889,2.41727,2.41837,1.75,1.75
2015.08.26 06:15:45.674,2.41733,2.41837,1.00,1.75
2015.08.26 06:15:47.960,2.41732,2.41836,2.25,1.00
2015.08.26 06:15:48.116,2.41733,2.41846,1.75,1.50
2015.08.26 06:15:57.806,2.41733,2.41837,1.75,1.00
2015.08.26 06:15:58.311,2.41735,2.41847,1.75,1.75
2015.08.26 06:16:02.934,2.41738,2.41847,1.75,1.75
2015.08.26 06:16:10.414,2.41744,2.41847,1.00,2.25
2015.08.26 06:16:10.958,2.4174,2.41837,1.50,1.00
2015.08.26 06:16:12.021,2.41735,2.41836,1.75,1.00
2015.08.26 06:16:12.524,2.41738,2.41837,1.75,1.00
2015.08.26 06:16:12.625,2.41738,2.41846,1.75,1.75
2015.08.26 06:16:12.726,2.4174,2.41846,1.75,1.00
2015.08.26 06:16:13.617,2.41737,2.41836,1.75,1.00
2015.08.26 06:16:16.215,2.41731,2.41837,1.75,1.00
2015.08.26 06:16:16.742,2.41731,2.41836,1.75,1.00
2015.08.26 06:16:17.243,2.41731,2.41837,1.75,1.00
2015.08.26 06:16:17.940,2.41731,2.41836,1.75,1.00
2015.08.26 06:16:28.889,2.4173,2.41836,1.75,1.00
2015.08.26 06:16:30.681,2.41736,2.41836,1.75,1.00
2015.08.26 06:16:30.884,2.41751,2.41847,1.37,1.00
2015.08.26 06:16:30.985,2.41751,2.41846,1.75,1.00
2015.08.26 06:16:31.680,2.41752,2.41856,1.75,1.00
2015.08.26 06:16:32.182,2.41752,2.41857,1.75,1.00
2015.08.26 06:16:32.486,2.41764,2.41857,1.75,1.50
2015.08.26 06:16:33.223,2.41766,2.41856,1.75,1.00
2015.08.26 06:16:33.277,2.41774,2.41876,1.75,1.00
2015.08.26 06:16:33.595,2.41786,2.41876,1.75,1.00
2015.08.26 06:16:33.646,2.41786,2.41886,1.75,1.00
2015.08.26 06:16:34.148,2.41786,2.41887,1.75,1.00
2015.08.26 06:16:34.944,2.41787,2.41889,2.25,1.00
2015.08.26 06:16:35.453,2.4179,2.4189,1.75,1.00
2015.08.26 06:16:36.317,2.41795,2.41889,1.75,1.00
2015.08.26 06:16:36.367,2.418,2.41907,1.75,1.00
2015.08.26 06:16:36.670,2.41803,2.41906,1.75,1.00
2015.08.26 06:16:36.721,2.41814,2.41917,1.75,1.00
2015.08.26 06:16:36.974,2.41816,2.41917,1.75,1.00
2015.08.26 06:16:37.624,2.41824,2.41918,1.75,1.00
2015.08.26 06:16:37.931,2.41818,2.41927,1.75,1.34
2015.08.26 06:16:37.982,2.41818,2.41927,1.75,1.84
2015.08.26 06:16:38.033,2.4181,2.41917,1.75,1.00
2015.08.26 06:16:38.285,2.41809,2.41916,1.75,1.37
2015.08.26 06:16:38.998,2.41809,2.41916,2.25,1.00
2015.08.26 06:16:39.433,2.41812,2.41927,1.75,1.12
2015.08.26 06:16:41.154,2.41814,2.41916,1.75,1.00
2015.08.26 06:16:41.917,2.4182,2.41926,1.75,1.00
2015.08.26 06:16:42.220,2.41826,2.41927,1.75,1.00
2015.08.26 06:16:43.166,2.41833,2.41942,1.75,1.75
2015.08.26 06:16:47.402,2.41826,2.41936,1.75,1.00
2015.08.26 06:16:47.604,2.41824,2.41936,1.87,1.75
2015.08.26 06:16:48.224,2.41825,2.41937,1.00,1.75
2015.08.26 06:16:48.729,2.41823,2.41937,1.37,1.75
2015.08.26 06:16:49.653,2.41813,2.41925,1.75,1.00
2015.08.26 06:16:50.196,2.4181,2.41924,1.75,1.50
2015.08.26 06:16:51.021,2.4181,2.41925,1.75,1.50
2015.08.26 06:16:51.540,2.4181,2.41924,1.75,1.50
2015.08.26 06:16:52.538,2.41819,2.41927,2.25,1.12
2015.08.26 06:16:52.841,2.4182,2.41937,1.75,1.00
2015.08.26 06:16:53.813,2.41826,2.41928,1.75,1.00
2015.08.26 06:16:54.440,2.41827,2.41927,1.75,1.00
2015.08.26 06:16:54.655,2.41832,2.41931,1.75,1.00
2015.08.26 06:16:55.635,2.41832,2.41931,1.75,1.00
2015.08.26 06:16:56.961,2.41842,2.41949,1.75,1.00
2015.08.26 06:16:57.112,2.41827,2.41936,2.05,1.00
2015.08.26 06:16:57.213,2.41834,2.41946,1.75,1.00
2015.08.26 06:16:57.264,2.41834,2.41946,1.75,1.75
2015.08.26 06:16:58.073,2.41834,2.41951,1.75,1.37
2015.08.26 06:16:58.124,2.41834,2.41953,1.75,1.37
2015.08.26 06:16:58.174,2.41827,2.41936,2.05,1.00
2015.08.26 06:16:58.275,2.41832,2.41947,1.00,1.75
2015.08.26 06:16:58.326,2.41823,2.41945,1.75,1.75
2015.08.26 06:16:58.377,2.41827,2.41945,1.75,1.75
2015.08.26 06:17:02.819,2.41828,2.41937,1.75,1.00
2015.08.26 06:17:03.273,2.41828,2.41943,1.75,2.25
2015.08.26 06:17:03.324,2.41826,2.41931,1.75,1.00
2015.08.26 06:17:03.375,2.41826,2.41927,1.00,1.50
2015.08.26 06:17:03.426,2.41813,2.41925,1.75,1.12
2015.08.26 06:17:04.046,2.41801,2.41917,1.75,1.37
2015.08.26 06:17:04.096,2.418,2.41917,1.75,1.75
2015.08.26 06:17:04.551,2.41814,2.41918,1.75,1.00
2015.08.26 06:17:04.602,2.41814,2.41925,1.75,1.37
2015.08.26 06:17:05.257,2.41814,2.41937,1.75,1.00
2015.08.26 06:17:06.342,2.41824,2.41937,1.00,1.00
2015.08.26 06:17:06.703,2.41816,2.41936,1.50,1.00
2015.08.26 06:17:07.774,2.41817,2.41935,1.87,1.00
2015.08.26 06:17:09.640,2.41816,2.41932,2.25,1.00
2015.08.26 06:17:10.001,2.41816,2.41932,1.75,1.75
2015.08.26 06:17:10.928,2.41816,2.41928,2.25,1.00
2015.08.26 06:17:12.413,2.41818,2.41937,1.75,1.75
2015.08.26 06:17:14.449,2.41825,2.41925,1.75,1.00
2015.08.26 06:17:14.651,2.41832,2.41931,1.75,1.00
2015.08.26 06:17:15.808,2.41833,2.41946,1.75,1.75
2015.08.26 06:17:17.445,2.41843,2.41955,1.00,1.75
2015.08.26 06:17:17.747,2.41846,2.41956,1.75,1.00
2015.08.26 06:17:18.437,2.41846,2.41967,1.75,1.00
2015.08.26 06:17:18.541,2.4185,2.41967,1.00,1.00
2015.08.26 06:17:18.744,2.4185,2.41962,1.00,1.00
2015.08.26 06:17:19.050,2.4185,2.41956,1.00,1.00
2015.08.26 06:17:21.734,2.41845,2.41956,1.00,1.00
2015.08.26 06:17:22.328,2.41835,2.41955,1.50,1.00
2015.08.26 06:17:22.378,2.41835,2.41946,1.50,1.00
2015.08.26 06:17:22.630,2.4183,2.41947,1.00,1.00
2015.08.26 06:17:22.732,2.4183,2.41937,1.00,1.00
2015.08.26 06:17:22.833,2.41827,2.41937,1.00,1.00
2015.08.26 06:17:23.738,2.41827,2.41936,1.00,1.00
2015.08.26 06:17:24.270,2.41835,2.41935,1.00,1.00
2015.08.26 06:17:24.370,2.41836,2.41938,1.00,1.00
2015.08.26 06:17:24.471,2.41834,2.41939,1.50,1.00
2015.08.26 06:17:25.232,2.41828,2.41938,1.50,1.00
2015.08.26 06:17:25.333,2.41828,2.41944,1.00,1.00
2015.08.26 06:17:25.837,2.41828,2.41943,1.50,1.00
2015.08.26 06:17:26.499,2.41821,2.41931,1.00,1.00
2015.08.26 06:17:26.554,2.41821,2.41933,1.00,1.00
2015.08.26 06:17:26.605,2.41815,2.41933,1.00,1.00
2015.08.26 06:17:27.114,2.41814,2.41933,2.25,1.00
2015.08.26 06:17:27.725,2.41822,2.4193,1.00,1.00
2015.08.26 06:17:27.809,2.41814,2.41934,1.00,1.00
2015.08.26 06:17:28.226,2.41814,2.41932,1.00,1.00
2015.08.26 06:17:29.767,2.41813,2.41926,1.00,1.00
2015.08.26 06:17:30.290,2.41812,2.41926,1.00,1.00
2015.08.26 06:17:30.980,2.41812,2.41916,1.00,1.00
2015.08.26 06:17:31.030,2.41802,2.41916,1.00,1.00
2015.08.26 06:17:31.081,2.41802,2.41913,1.00,1.00
2015.08.26 06:17:31.132,2.41795,2.41913,1.00,1.00
2015.08.26 06:17:31.586,2.41793,2.41913,1.00,1.00
2015.08.26 06:17:32.298,2.41794,2.41913,1.00,1.00
2015.08.26 06:17:32.847,2.41793,2.41913,1.00,1.00
2015.08.26 06:17:33.699,2.41794,2.41913,1.00,1.00
2015.08.26 06:17:33.857,2.41804,2.41913,1.00,1.00
2015.08.26 06:17:35.054,2.41789,2.41905,1.00,1.00
2015.08.26 06:17:35.156,2.41794,2.41905,1.00,1.00
2015.08.26 06:17:35.819,2.41789,2.41905,1.00,1.00
2015.08.26 06:17:36.466,2.4179,2.41905,1.00,2.25
2015.08.26 06:17:37.095,2.41789,2.41905,1.00,1.00
2015.08.26 06:17:37.916,2.41794,2.41905,1.00,1.00
2015.08.26 06:17:37.987,2.41789,2.41905,1.00,1.00
2015.08.26 06:17:38.038,2.41791,2.41905,1.00,1.00
2015.08.26 06:17:38.341,2.41794,2.41915,1.00,1.50
2015.08.26 06:17:38.687,2.41796,2.41914,1.00,1.00
2015.08.26 06:17:39.395,2.41804,2.41916,1.00,1.00
2015.08.26 06:17:39.446,2.41802,2.41917,1.00,1.00
2015.08.26 06:17:39.967,2.41803,2.41917,1.00,1.00
2015.08.26 06:17:40.129,2.41812,2.41916,1.00,1.00
2015.08.26 06:17:40.828,2.41822,2.41916,1.00,1.00
2015.08.26 06:17:40.879,2.41823,2.41939,1.00,1.00
2015.08.26 06:17:41.495,2.41824,2.41939,1.00,1.00
2015.08.26 06:17:42.146,2.41826,2.41936,1.00,1.00
2015.08.26 06:17:42.298,2.41824,2.41937,1.00,1.00
2015.08.26 06:17:42.349,2.41819,2.41937,1.00,1.00
2015.08.26 06:17:42.551,2.41819,2.41934,1.00,1.00
2015.08.26 06:17:42.601,2.41813,2.41932,1.00,1.00
2015.08.26 06:17:42.652,2.41814,2.41926,1.00,1.00
2015.08.26 06:17:44.115,2.41812,2.41926,1.50,1.00
2015.08.26 06:17:44.166,2.41814,2.41926,1.00,1.00
2015.08.26 06:17:44.368,2.41813,2.41932,1.00,1.00
2015.08.26 06:17:45.617,2.41814,2.41926,1.00,1.00
2015.08.26 06:17:45.719,2.41813,2.41932,1.00,1.00
2015.08.26 06:17:45.920,2.41813,2.41927,1.00,1.00
2015.08.26 06:17:46.726,2.41821,2.41927,1.00,1.00
2015.08.26 06:17:47.158,2.41814,2.41926,1.00,1.00
2015.08.26 06:17:48.278,2.41816,2.41926,1.00,1.00
2015.08.26 06:17:50.345,2.41816,2.41927,1.00,1.00
2015.08.26 06:17:51.192,2.41816,2.41935,1.00,1.00
2015.08.26 06:17:51.344,2.41831,2.41936,1.00,1.00
2015.08.26 06:17:51.546,2.41831,2.41942,1.00,2.25
2015.08.26 06:17:51.901,2.41842,2.41942,1.00,1.00
2015.08.26 06:17:52.545,2.41842,2.41946,1.00,1.00
2015.08.26 06:17:52.596,2.41852,2.41946,1.00,1.00
2015.08.26 06:17:53.267,2.41842,2.41946,1.00,1.00
2015.08.26 06:17:53.368,2.41851,2.41957,1.00,1.50
2015.08.26 06:17:54.017,2.41852,2.41957,1.00,1.50
2015.08.26 06:17:54.587,2.41851,2.41956,1.00,1.00
2015.08.26 06:17:55.639,2.41852,2.41956,1.00,1.00
2015.08.26 06:17:56.274,2.41852,2.41957,1.00,1.00
2015.08.26 06:17:57.066,2.41851,2.41957,1.00,1.00
2015.08.26 06:17:57.578,2.41852,2.41957,1.00,1.00
2015.08.26 06:17:57.629,2.41842,2.41957,1.00,1.00
2015.08.26 06:17:58.133,2.41842,2.41956,1.00,1.00
2015.08.26 06:17:59.418,2.41836,2.41937,1.00,1.00
2015.08.26 06:17:59.469,2.41831,2.41937,1.00,1.00
2015.08.26 06:17:59.841,2.41842,2.41937,1.00,1.00
2015.08.26 06:18:00.714,2.41842,2.41936,1.00,1.00
2015.08.26 06:18:00.776,2.41832,2.41927,1.00,1.00
2015.08.26 06:18:00.928,2.41831,2.41932,1.00,1.00
2015.08.26 06:18:00.979,2.41831,2.41936,1.00,1.00
2015.08.26 06:18:01.029,2.41842,2.41936,1.00,1.00
2015.08.26 06:18:01.382,2.41831,2.41933,1.00,1.00
2015.08.26 06:18:01.483,2.41831,2.41926,1.00,1.00
2015.08.26 06:18:02.162,2.41841,2.41936,1.00,1.00
2015.08.26 06:18:02.465,2.41841,2.41943,1.00,1.00
2015.08.26 06:18:02.566,2.41852,2.41946,1.00,1.00
2015.08.26 06:18:03.595,2.41842,2.41946,1.00,1.00
2015.08.26 06:18:04.648,2.41852,2.41947,1.00,1.00
2015.08.26 06:18:05.307,2.41842,2.41947,1.00,1.00
2015.08.26 06:18:05.459,2.41852,2.41946,1.00,1.00
2015.08.26 06:18:06.081,2.41852,2.41926,1.00,1.00
2015.08.26 06:18:06.132,2.41821,2.41926,1.00,1.00
2015.08.26 06:18:06.235,2.41813,2.41927,1.00,1.00
2015.08.26 06:18:06.337,2.41822,2.41927,1.00,1.00
2015.08.26 06:18:06.388,2.41822,2.41934,1.00,1.00
2015.08.26 06:18:06.489,2.41822,2.41937,1.00,1.00
2015.08.26 06:18:06.817,2.41822,2.41932,1.00,1.00
2015.08.26 06:18:07.387,2.41822,2.41929,1.00,1.00
2015.08.26 06:18:07.693,2.41822,2.41935,1.00,1.00
2015.08.26 06:18:07.947,2.41824,2.41935,1.00,1.00
2015.08.26 06:18:08.251,2.41821,2.41929,1.50,1.00
2015.08.26 06:18:08.849,2.41814,2.41929,1.00,1.00
2015.08.26 06:18:09.166,2.41815,2.41933,1.00,1.00
2015.08.26 06:18:09.359,2.41813,2.41933,1.50,1.00
2015.08.26 06:18:09.410,2.41822,2.41933,1.00,1.00
2015.08.26 06:18:09.561,2.41822,2.41935,1.00,1.50
2015.08.26 06:18:09.612,2.41814,2.41935,1.00,1.50
2015.08.26 06:18:10.395,2.41823,2.41935,1.00,1.50
2015.08.26 06:18:10.445,2.41823,2.41937,1.00,1.00
2015.08.26 06:18:10.616,2.41821,2.41936,1.00,1.00
2015.08.26 06:18:11.116,2.41823,2.41937,1.00,1.00
2015.08.26 06:18:11.796,2.41821,2.41937,1.00,1.00
2015.08.26 06:18:12.374,2.41821,2.41936,1.00,1.00
2015.08.26 06:18:13.757,2.41824,2.41936,1.00,1.00
2015.08.26 06:18:15.323,2.41825,2.41943,1.00,1.00
2015.08.26 06:18:15.889,2.41827,2.41946,1.00,1.00
2015.08.26 06:18:16.893,2.41827,2.4194,1.00,1.00
2015.08.26 06:18:16.944,2.41827,2.41946,1.00,1.00
2015.08.26 06:18:17.545,2.41827,2.4194,1.00,1.00
2015.08.26 06:18:18.370,2.41827,2.41941,1.00,1.00
2015.08.26 06:18:18.900,2.41827,2.4194,1.00,1.00
2015.08.26 06:18:19.000,2.41827,2.41946,1.00,1.00
2015.08.26 06:18:20.609,2.41827,2.41943,1.00,1.00
2015.08.26 06:18:20.944,2.4183,2.41945,1.00,1.00
2015.08.26 06:18:21.589,2.41825,2.41936,1.00,1.00
2015.08.26 06:18:22.465,2.4183,2.41936,1.00,1.00
2015.08.26 06:18:23.117,2.41841,2.41955,1.00,1.00
2015.08.26 06:18:23.680,2.41842,2.41957,1.00,1.00
2015.08.26 06:18:23.882,2.41841,2.41947,1.00,1.00
2015.08.26 06:18:24.769,2.41841,2.41946,1.00,1.00
2015.08.26 06:18:24.822,2.41832,2.41947,1.50,1.00
2015.08.26 06:18:25.777,2.41842,2.41947,1.00,1.00
2015.08.26 06:18:26.419,2.41859,2.41977,1.00,1.37
2015.08.26 06:18:26.470,2.41861,2.41977,1.00,1.00
2015.08.26 06:18:26.781,2.41872,2.41976,1.00,1.00
2015.08.26 06:18:26.882,2.41864,2.41979,1.00,1.00
2015.08.26 06:18:26.934,2.41865,2.41985,1.00,1.00
2015.08.26 06:18:27.035,2.41864,2.41981,1.00,1.00
2015.08.26 06:18:27.769,2.41872,2.41976,1.00,1.00
2015.08.26 06:18:28.287,2.41871,2.41976,1.00,1.00
2015.08.26 06:18:28.590,2.41872,2.41973,1.00,1.00
2015.08.26 06:18:28.641,2.41862,2.41973,1.00,1.00
2015.08.26 06:18:29.861,2.41861,2.41966,1.00,1.50
2015.08.26 06:18:30.444,2.41861,2.41965,1.00,1.00
2015.08.26 06:18:30.647,2.41851,2.41966,1.00,1.50
2015.08.26 06:18:31.254,2.41851,2.41965,1.00,1.00
2015.08.26 06:18:31.800,2.41851,2.41966,1.00,1.50
2015.08.26 06:18:31.851,2.41862,2.41966,1.00,1.50
2015.08.26 06:18:32.714,2.41862,2.41965,1.00,1.00
2015.08.26 06:18:33.080,2.41861,2.41961,1.00,1.00
2015.08.26 06:18:33.181,2.41851,2.41956,1.00,1.00
2015.08.26 06:18:33.232,2.41851,2.41949,1.00,1.00
2015.08.26 06:18:33.870,2.41851,2.41956,1.00,1.00
2015.08.26 06:18:33.929,2.41842,2.41956,1.00,1.00
2015.08.26 06:18:34.081,2.41842,2.4195,1.00,1.00
2015.08.26 06:18:34.383,2.41834,2.4195,1.00,1.00
2015.08.26 06:18:34.484,2.41832,2.4195,1.00,1.00
2015.08.26 06:18:34.535,2.41832,2.41943,1.00,1.00
2015.08.26 06:18:35.354,2.41831,2.41943,1.00,1.00
2015.08.26 06:18:35.556,2.41823,2.41944,1.00,1.00
2015.08.26 06:18:35.657,2.41823,2.41934,1.00,1.00
2015.08.26 06:18:35.980,2.41824,2.41925,1.00,1.00
2015.08.26 06:18:36.132,2.41811,2.41918,1.00,1.00
2015.08.26 06:18:36.663,2.41804,2.41918,1.00,1.00
2015.08.26 06:18:37.122,2.41811,2.41918,1.00,1.00
2015.08.26 06:18:38.893,2.41803,2.41918,1.00,1.00
2015.08.26 06:18:38.994,2.41811,2.41918,1.00,1.00
2015.08.26 06:18:39.894,2.41812,2.41918,1.00,1.00
2015.08.26 06:18:41.493,2.41811,2.41918,1.00,1.00
2015.08.26 06:18:43.057,2.41812,2.41918,1.00,1.00
2015.08.26 06:18:43.617,2.41811,2.41918,1.00,1.00
2015.08.26 06:18:43.718,2.41803,2.41918,1.00,1.00
2015.08.26 06:18:45.192,2.41802,2.41911,1.00,1.00
2015.08.26 06:18:45.736,2.41803,2.41911,1.00,1.00
2015.08.26 06:18:45.955,2.41801,2.41911,1.00,1.00
2015.08.26 06:18:46.748,2.41802,2.41912,1.00,1.00
2015.08.26 06:18:47.204,2.41802,2.41911,1.00,1.37
2015.08.26 06:18:47.509,2.41801,2.41911,1.50,1.75
2015.08.26 06:18:48.354,2.41811,2.41911,1.00,1.75
2015.08.26 06:18:49.347,2.41821,2.41922,1.00,1.75
2015.08.26 06:18:49.988,2.41834,2.41925,1.00,1.75
2015.08.26 06:18:50.190,2.41821,2.41932,1.00,1.75
2015.08.26 06:18:50.241,2.41821,2.41932,1.75,1.75
2015.08.26 06:18:51.639,2.41821,2.41926,1.75,1.00
2015.08.26 06:18:51.790,2.41821,2.41924,1.75,1.00
2015.08.26 06:18:51.892,2.41812,2.41925,1.75,1.75
2015.08.26 06:18:52.645,2.41798,2.41915,1.09,1.75
2015.08.26 06:18:52.850,2.41792,2.41907,1.50,2.25
2015.08.26 06:18:54.257,2.41801,2.41907,1.00,2.25
2015.08.26 06:18:55.079,2.41802,2.41907,1.00,1.75
2015.08.26 06:18:55.350,2.41802,2.41907,1.75,1.00
2015.08.26 06:18:56.050,2.41802,2.41913,1.75,1.75
2015.08.26 06:18:56.806,2.41823,2.41923,1.00,1.75
2015.08.26 06:18:56.957,2.41822,2.41924,1.00,1.50
2015.08.26 06:18:57.008,2.41825,2.41942,1.00,1.75
2015.08.26 06:18:57.058,2.41832,2.41942,1.75,1.75
2015.08.26 06:18:57.671,2.41835,2.41954,2.25,1.75
2015.08.26 06:18:57.722,2.41835,2.41956,2.25,1.75
2015.08.26 06:18:58.024,2.41851,2.4196,1.37,1.37
2015.08.26 06:18:58.075,2.41851,2.4196,1.75,1.00
2015.08.26 06:18:59.984,2.41851,2.41961,1.75,1.00
2015.08.26 06:19:00.532,2.4185,2.41967,1.75,2.25
2015.08.26 06:19:01.722,2.4185,2.41956,1.75,1.00
2015.08.26 06:19:02.488,2.4184,2.41946,2.47,1.00
2015.08.26 06:19:03.234,2.41833,2.41946,1.75,1.00
2015.08.26 06:19:03.386,2.41842,2.41949,1.75,1.00
2015.08.26 06:19:03.844,2.41844,2.41956,1.75,1.37
2015.08.26 06:19:03.895,2.41854,2.41956,1.75,1.00
2015.08.26 06:19:04.498,2.41854,2.41966,1.75,1.00
2015.08.26 06:19:04.650,2.41843,2.41965,1.75,1.37
2015.08.26 06:19:04.701,2.41843,2.41957,1.75,1.37
2015.08.26 06:19:10.309,2.41856,2.41969,1.67,1.37
2015.08.26 06:19:10.359,2.41862,2.41976,1.75,2.25
2015.08.26 06:19:10.662,2.41856,2.41967,1.75,1.00
2015.08.26 06:19:10.964,2.41881,2.41979,1.00,1.75
2015.08.26 06:19:11.065,2.41881,2.41982,1.00,1.37
2015.08.26 06:19:11.116,2.41892,2.41987,1.00,2.25
2015.08.26 06:19:11.217,2.41892,2.41991,1.00,1.50
2015.08.26 06:19:11.759,2.41881,2.41992,1.37,1.75
2015.08.26 06:19:11.810,2.41881,2.41986,1.75,1.00
2015.08.26 06:19:11.911,2.41878,2.41991,1.75,1.12
2015.08.26 06:19:11.961,2.41879,2.41986,1.75,1.00
2015.08.26 06:19:12.062,2.41867,2.41976,1.75,1.00
2015.08.26 06:19:12.604,2.41867,2.41986,1.75,1.75
2015.08.26 06:19:17.034,2.41867,2.41977,1.75,1.00
2015.08.26 06:19:18.551,2.41866,2.41976,1.75,1.00
2015.08.26 06:19:19.424,2.41866,2.41977,1.75,1.00
2015.08.26 06:19:21.174,2.41866,2.41976,1.75,1.00
2015.08.26 06:19:22.196,2.41866,2.41977,1.75,1.00
2015.08.26 06:19:25.666,2.4187,2.41976,1.75,1.00
2015.08.26 06:19:26.439,2.41867,2.41987,2.25,2.25
2015.08.26 06:19:27.262,2.41866,2.41977,1.75,1.00
2015.08.26 06:19:29.439,2.41867,2.41986,1.75,1.75
2015.08.26 06:19:29.739,2.41867,2.41977,1.75,1.00
2015.08.26 06:19:30.074,2.41867,2.41985,1.75,1.75
2015.08.26 06:19:31.094,2.41893,2.41995,1.37,1.37
2015.08.26 06:19:31.155,2.41898,2.42017,1.75,1.75
2015.08.26 06:19:31.458,2.41899,2.42016,1.75,1.37
2015.08.26 06:19:31.509,2.41899,2.42016,1.75,1.00
2015.08.26 06:19:32.010,2.41899,2.42017,1.75,1.00
2015.08.26 06:19:32.623,2.41898,2.42006,1.75,1.00
2015.08.26 06:19:33.063,2.41893,2.42007,2.47,1.00
2015.08.26 06:19:33.114,2.41893,2.42007,1.75,1.00
2015.08.26 06:19:34.375,2.41893,2.42006,1.75,1.00
2015.08.26 06:19:35.712,2.41893,2.42007,2.25,1.00
2015.08.26 06:19:37.872,2.41893,2.41996,1.75,1.00
2015.08.26 06:19:37.923,2.41893,2.41996,1.50,1.00
2015.08.26 06:19:38.023,2.41891,2.41994,1.75,1.00
2015.08.26 06:19:38.124,2.41882,2.41994,1.50,1.75
2015.08.26 06:19:39.209,2.41887,2.42005,1.75,1.75
2015.08.26 06:19:39.873,2.41887,2.41996,1.75,1.00
2015.08.26 06:19:40.732,2.41887,2.42005,1.75,1.75
2015.08.26 06:19:42.913,2.41887,2.41993,1.75,1.00
2015.08.26 06:19:43.215,2.41864,2.41976,1.75,1.00
2015.08.26 06:19:45.377,2.41864,2.41977,1.75,1.00
2015.08.26 06:19:46.174,2.41864,2.41976,1.75,1.00
2015.08.26 06:19:47.030,2.41864,2.41977,1.75,1.00
2015.08.26 06:19:48.252,2.41861,2.41967,1.75,1.00
2015.08.26 06:19:50.934,2.41863,2.41977,1.75,1.00
2015.08.26 06:19:55.065,2.41856,2.41966,2.47,1.00
2015.08.26 06:19:58.176,2.41861,2.41966,1.75,1.00
2015.08.26 06:19:58.676,2.41861,2.41956,1.75,1.00
2015.08.26 06:20:00.427,2.41861,2.41957,1.75,1.00
2015.08.26 06:20:00.938,2.41861,2.41956,1.75,1.00
2015.08.26 06:20:01.974,2.41874,2.41987,1.00,1.75
2015.08.26 06:20:02.026,2.41881,2.41987,1.75,1.12
2015.08.26 06:20:02.554,2.41881,2.41986,1.75,1.00
2015.08.26 06:20:03.074,2.41881,2.41987,1.75,1.12
2015.08.26 06:20:04.159,2.41881,2.41986,1.75,1.00
2015.08.26 06:20:04.664,2.41881,2.41991,1.75,1.09
2015.08.26 06:20:05.513,2.41874,2.41986,2.25,1.00
2015.08.26 06:20:06.867,2.41884,2.41986,1.50,1.00
2015.08.26 06:20:06.919,2.41884,2.41996,1.75,1.34
2015.08.26 06:20:09.284,2.41887,2.41996,1.75,1.00
2015.08.26 06:20:09.385,2.41902,2.41996,1.00,1.00
2015.08.26 06:20:09.436,2.41902,2.42005,1.00,1.75
2015.08.26 06:20:12.576,2.41901,2.42004,1.00,1.75
2015.08.26 06:20:14.862,2.41902,2.42005,1.00,1.75
2015.08.26 06:20:15.545,2.41901,2.42003,1.00,1.75
2015.08.26 06:20:16.809,2.41901,2.41997,1.00,1.00
2015.08.26 06:20:18.845,2.41892,2.41997,1.75,1.00
2015.08.26 06:20:18.896,2.41892,2.42,1.75,1.12
2015.08.26 06:20:19.675,2.41892,2.41996,1.37,1.37
2015.08.26 06:20:19.726,2.41892,2.41996,1.00,2.25
2015.08.26 06:20:19.878,2.41873,2.41986,1.75,1.75
2015.08.26 06:20:20.443,2.41861,2.41973,1.37,1.37
2015.08.26 06:20:20.494,2.41864,2.41973,1.00,1.75
2015.08.26 06:20:20.657,2.41861,2.41973,1.00,1.75
2015.08.26 06:20:21.159,2.41855,2.41973,1.75,1.75
2015.08.26 06:20:21.314,2.41846,2.41966,1.50,1.75
2015.08.26 06:20:21.378,2.41846,2.41966,1.50,1.75
2015.08.26 06:20:25.923,2.41861,2.41957,1.37,1.37
2015.08.26 06:20:25.974,2.41864,2.41981,1.50,1.75
2015.08.26 06:20:26.498,2.41868,2.41984,1.00,1.75
2015.08.26 06:20:26.548,2.41868,2.41984,1.37,1.75
2015.08.26 06:20:26.599,2.41868,2.41984,1.75,1.75
2015.08.26 06:20:30.867,2.41882,2.41987,1.00,1.75
2015.08.26 06:20:31.402,2.41878,2.41991,1.37,1.37
2015.08.26 06:20:31.453,2.41878,2.41992,1.75,1.12
2015.08.26 06:20:32.187,2.41892,2.41996,1.00,1.75
2015.08.26 06:20:33.744,2.41891,2.41994,1.00,1.75
2015.08.26 06:20:36.057,2.41891,2.41988,1.00,1.00
2015.08.26 06:20:36.884,2.41882,2.41987,1.00,1.75
2015.08.26 06:20:36.935,2.41873,2.41987,1.75,1.75
2015.08.26 06:20:37.785,2.41882,2.41987,1.00,1.75
2015.08.26 06:20:37.886,2.41873,2.41987,1.75,1.75
2015.08.26 06:20:39.134,2.41872,2.41975,1.00,1.75
2015.08.26 06:20:39.456,2.41871,2.41967,1.00,1.71
2015.08.26 06:20:40.098,2.41861,2.41966,1.75,1.46
2015.08.26 06:20:41.114,2.41862,2.41956,1.75,1.00
2015.08.26 06:20:41.763,2.41844,2.41956,1.75,1.87
2015.08.26 06:20:41.814,2.41841,2.41946,2.25,1.00
2015.08.26 06:20:44.016,2.4185,2.41956,1.75,1.00
2015.08.26 06:20:47.275,2.4185,2.41957,1.75,1.00
2015.08.26 06:20:47.905,2.41849,2.41956,1.75,1.00
2015.08.26 06:20:49.695,2.41849,2.41957,1.75,1.00
2015.08.26 06:20:49.897,2.41849,2.4195,1.37,1.00
2015.08.26 06:20:49.948,2.41843,2.41945,1.37,1.37
2015.08.26 06:20:49.998,2.41833,2.41945,1.50,1.75
2015.08.26 06:20:50.452,2.41824,2.41936,1.37,1.75
2015.08.26 06:20:52.943,2.41813,2.41928,1.37,1.37
2015.08.26 06:20:52.993,2.41813,2.4192,1.00,1.75
2015.08.26 06:20:53.145,2.41811,2.41919,1.00,1.75
2015.08.26 06:20:54.403,2.41804,2.41919,1.75,2.25
2015.08.26 06:20:56.133,2.41812,2.41919,1.00,2.25
2015.08.26 06:20:57.882,2.41811,2.41905,1.00,1.75
2015.08.26 06:20:58.135,2.41791,2.41905,1.75,1.75
2015.08.26 06:20:58.898,2.41831,2.41911,1.00,1.75
2015.08.26 06:20:59.573,2.41803,2.41919,1.75,1.75
2015.08.26 06:20:59.625,2.41802,2.41906,1.75,1.00
2015.08.26 06:20:59.852,2.41804,2.41916,1.75,1.75
2015.08.26 06:20:59.903,2.41832,2.41916,1.00,1.75
2015.08.26 06:21:00.407,2.41831,2.41915,1.00,1.75
2015.08.26 06:21:01.278,2.41831,2.41915,1.00,1.00
2015.08.26 06:21:01.571,2.41831,2.41919,1.00,1.00
2015.08.26 06:21:03.517,2.41831,2.41922,1.00,1.00
2015.08.26 06:21:03.568,2.41831,2.41924,1.00,1.12
2015.08.26 06:21:03.975,2.41831,2.41919,1.00,1.00
2015.08.26 06:21:04.599,2.41831,2.4192,1.00,1.00
2015.08.26 06:21:06.814,2.41842,2.4192,1.00,1.00
2015.08.26 06:21:06.880,2.41842,2.41925,1.00,1.50
2015.08.26 06:21:07.132,2.41842,2.41929,1.00,1.00
2015.08.26 06:21:07.581,2.41842,2.41936,1.00,1.12
2015.08.26 06:21:08.368,2.41841,2.41936,1.00,1.12
2015.08.26 06:21:08.716,2.41841,2.4193,1.00,1.00
2015.08.26 06:21:09.237,2.41842,2.4193,1.00,1.00
2015.08.26 06:21:09.778,2.41832,2.4193,1.50,1.00
2015.08.26 06:21:09.930,2.41832,2.41931,1.00,1.75
2015.08.26 06:21:10.534,2.41831,2.41931,1.00,1.75
2015.08.26 06:21:11.916,2.41831,2.4192,1.00,1.00
2015.08.26 06:21:12.386,2.41841,2.4192,1.00,1.00
2015.08.26 06:21:15.814,2.41832,2.4192,1.00,1.00
2015.08.26 06:21:18.785,2.41831,2.4192,1.00,1.00
2015.08.26 06:21:20.505,2.41831,2.41927,1.00,1.75
2015.08.26 06:21:21.592,2.41832,2.41927,1.00,1.75
2015.08.26 06:21:22.455,2.41841,2.41927,1.00,1.75
2015.08.26 06:21:23.162,2.41831,2.41926,1.00,1.50
2015.08.26 06:21:23.667,2.41832,2.41931,1.00,1.75
2015.08.26 06:21:24.065,2.41842,2.41931,1.00,1.75
2015.08.26 06:21:25.494,2.41831,2.41926,1.00,1.50
2015.08.26 06:21:25.862,2.41841,2.4192,1.00,1.00
2015.08.26 06:21:25.963,2.41841,2.41933,1.00,1.00
2015.08.26 06:21:26.916,2.41841,2.41936,1.00,1.75
2015.08.26 06:21:26.978,2.41852,2.4194,1.00,2.25
2015.08.26 06:21:27.380,2.41841,2.4194,1.00,1.75
2015.08.26 06:21:28.574,2.41842,2.4194,1.00,1.75
2015.08.26 06:21:30.595,2.41851,2.41945,1.00,1.75
2015.08.26 06:21:30.696,2.41851,2.41946,1.00,1.00
2015.08.26 06:21:30.898,2.41861,2.41946,1.00,1.00
2015.08.26 06:21:31.536,2.41851,2.41956,1.37,1.37
2015.08.26 06:21:31.637,2.41851,2.41956,1.75,1.00
2015.08.26 06:21:32.432,2.41851,2.41957,1.75,1.50
2015.08.26 06:21:33.029,2.41851,2.41956,1.75,1.00
2015.08.26 06:21:35.268,2.41851,2.41955,1.75,1.00
2015.08.26 06:21:37.541,2.41855,2.41956,1.50,1.00
2015.08.26 06:21:37.594,2.41862,2.41956,1.00,1.00
2015.08.26 06:21:37.745,2.41862,2.41961,1.00,1.75
2015.08.26 06:21:37.896,2.41861,2.41966,1.75,1.00
2015.08.26 06:21:39.167,2.41862,2.41967,1.75,1.00
2015.08.26 06:21:42.350,2.41862,2.41966,1.75,1.00
2015.08.26 06:21:43.064,2.41854,2.41961,1.75,1.75
2015.08.26 06:21:46.157,2.41845,2.41956,1.75,1.00
2015.08.26 06:21:46.813,2.41843,2.41956,1.37,2.25
2015.08.26 06:21:50.554,2.41813,2.41923,1.75,1.00
2015.08.26 06:21:50.604,2.41806,2.41917,1.50,1.75
2015.08.26 06:21:52.009,2.41813,2.41925,1.00,1.75
2015.08.26 06:21:54.314,2.41813,2.41926,1.37,1.75
2015.08.26 06:21:54.365,2.41809,2.41926,1.75,2.25
2015.08.26 06:21:55.933,2.41814,2.41921,1.75,1.50
2015.08.26 06:21:57.324,2.4181,2.41917,1.75,1.00
2015.08.26 06:21:57.967,2.4181,2.41917,1.00,1.75
2015.08.26 06:21:58.603,2.41804,2.41914,1.75,1.75
2015.08.26 06:21:59.724,2.41804,2.41907,1.75,1.00
2015.08.26 06:22:00.027,2.41784,2.41896,2.25,1.00
2015.08.26 06:22:00.128,2.41783,2.41897,1.75,1.75
2015.08.26 06:22:02.314,2.4179,2.41896,1.00,1.75
2015.08.26 06:22:02.665,2.418,2.41917,1.50,1.75
2015.08.26 06:22:02.716,2.41804,2.41916,1.75,1.75
2015.08.26 06:22:03.923,2.41794,2.41906,2.25,1.00
2015.08.26 06:22:03.974,2.41794,2.41906,2.25,1.75
2015.08.26 06:22:05.312,2.41802,2.41907,1.00,1.75
2015.08.26 06:22:05.550,2.41804,2.41916,1.75,1.00
2015.08.26 06:22:09.988,2.41803,2.41907,1.75,1.00
2015.08.26 06:22:11.193,2.41804,2.41916,1.75,1.00
2015.08.26 06:22:12.269,2.41803,2.41917,2.25,1.12
2015.08.26 06:22:20.409,2.41824,2.41928,1.00,1.75
2015.08.26 06:22:21.514,2.41824,2.41927,1.00,1.75
2015.08.26 06:22:22.135,2.41823,2.41927,1.00,1.75
2015.08.26 06:22:23.557,2.41813,2.41932,1.75,1.75
2015.08.26 06:22:37.579,2.41824,2.41932,1.00,2.25
2015.08.26 06:22:38.352,2.41823,2.41932,1.00,2.25
2015.08.26 06:22:39.354,2.41813,2.41932,1.75,2.25
2015.08.26 06:22:39.405,2.41813,2.41923,1.75,1.00
2015.08.26 06:22:43.665,2.41818,2.41927,2.05,1.37
2015.08.26 06:22:43.716,2.41851,2.41946,1.00,1.75
2015.08.26 06:22:46.390,2.41841,2.41946,1.00,1.75
2015.08.26 06:22:47.287,2.41852,2.41946,1.00,1.75
2015.08.26 06:22:48.653,2.41851,2.41946,1.00,1.75
2015.08.26 06:22:49.417,2.41851,2.41947,1.37,1.37
2015.08.26 06:22:49.468,2.41851,2.41947,1.75,1.00
2015.08.26 06:22:50.232,2.41851,2.41946,1.75,1.00
2015.08.26 06:22:51.081,2.41852,2.41947,1.50,1.00
2015.08.26 06:22:53.191,2.41852,2.41944,1.50,1.00
2015.08.26 06:22:53.393,2.41834,2.41939,1.75,1.37
2015.08.26 06:22:53.952,2.41824,2.41936,1.75,2.25
2015.08.26 06:22:54.002,2.41824,2.41936,1.12,2.25
2015.08.26 06:22:54.154,2.41831,2.41936,1.00,1.75
2015.08.26 06:22:54.372,2.41823,2.41937,1.37,1.75
2015.08.26 06:22:55.425,2.41824,2.41937,1.75,1.00
2015.08.26 06:23:08.727,2.41824,2.41936,2.25,1.00
2015.08.26 06:23:09.398,2.41891,2.41986,1.00,1.00
2015.08.26 06:23:09.599,2.41881,2.41986,1.75,1.00
2015.08.26 06:23:10.913,2.41892,2.41986,1.00,1.00
2015.08.26 06:23:13.107,2.41902,2.41995,1.00,2.25
2015.08.26 06:23:13.208,2.41902,2.41995,1.00,1.00
2015.08.26 06:23:13.411,2.41902,2.42001,1.00,1.37
2015.08.26 06:23:14.216,2.41911,2.42001,1.00,1.37
2015.08.26 06:23:14.832,2.41912,2.42001,1.00,1.37
2015.08.26 06:23:15.242,2.41901,2.42001,1.00,1.37
2015.08.26 06:23:16.211,2.41901,2.41994,1.00,1.00
2015.08.26 06:23:16.412,2.41891,2.41991,1.00,1.75
2015.08.26 06:23:16.723,2.41892,2.41979,1.00,1.00
2015.08.26 06:23:16.824,2.41863,2.41977,1.75,1.75
2015.08.26 06:23:22.418,2.41857,2.41964,1.75,1.00
2015.08.26 06:23:23.141,2.41861,2.41964,1.37,1.46
2015.08.26 06:23:23.192,2.41851,2.41961,1.37,1.75
2015.08.26 06:23:23.866,2.41854,2.4196,1.00,1.75
2015.08.26 06:23:26.200,2.41844,2.4196,1.75,1.75
2015.08.26 06:23:26.932,2.41853,2.4196,1.00,1.75
2015.08.26 06:23:27.582,2.41854,2.4196,1.00,1.75
2015.08.26 06:23:27.935,2.41853,2.41968,1.75,1.75
2015.08.26 06:23:28.187,2.41864,2.41974,1.00,1.75
2015.08.26 06:23:29.168,2.41863,2.41974,1.75,1.12
2015.08.26 06:23:36.713,2.41882,2.41985,1.75,1.00
2015.08.26 06:23:36.764,2.41883,2.41995,1.75,1.34
2015.08.26 06:23:36.871,2.41892,2.41995,1.75,1.00
2015.08.26 06:23:37.003,2.41892,2.42002,1.75,1.75
2015.08.26 06:23:37.306,2.41901,2.42006,1.00,2.25
2015.08.26 06:23:38.089,2.41894,2.42006,1.75,2.25
2015.08.26 06:23:38.443,2.41894,2.42002,1.00,1.75
2015.08.26 06:23:38.747,2.41883,2.41988,1.50,1.50
2015.08.26 06:23:39.654,2.41883,2.41988,1.00,1.75
2015.08.26 06:23:41.191,2.41844,2.41946,1.00,1.75
2015.08.26 06:23:41.292,2.41833,2.41946,1.75,1.75
2015.08.26 06:23:43.462,2.41831,2.41939,1.75,1.00
2015.08.26 06:23:44.665,2.41833,2.4194,1.75,1.12
2015.08.26 06:23:45.180,2.41833,2.41939,1.75,1.00
2015.08.26 06:23:46.483,2.41831,2.41938,1.75,1.00
2015.08.26 06:23:46.685,2.41831,2.41933,1.75,1.00
2015.08.26 06:23:46.786,2.41824,2.41931,1.75,1.50
2015.08.26 06:23:48.895,2.41823,2.41929,1.75,1.00
2015.08.26 06:23:50.180,2.41816,2.4193,1.75,1.12
2015.08.26 06:23:52.430,2.41823,2.41929,1.75,1.00
2015.08.26 06:23:52.985,2.41823,2.41931,1.75,1.50
2015.08.26 06:23:54.472,2.41823,2.41939,2.25,1.50
2015.08.26 06:23:55.060,2.41834,2.4194,1.75,1.37
2015.08.26 06:23:55.592,2.41832,2.41938,1.75,1.00
2015.08.26 06:23:56.124,2.41832,2.41939,1.75,1.12
2015.08.26 06:23:58.170,2.41842,2.41937,1.00,1.37
2015.08.26 06:23:58.513,2.41842,2.41938,1.00,2.25
2015.08.26 06:24:00.370,2.41833,2.41937,1.00,2.25
2015.08.26 06:24:03.483,2.41842,2.41941,1.00,1.75
2015.08.26 06:24:03.584,2.41834,2.41941,1.00,1.75
2015.08.26 06:24:03.685,2.41842,2.41941,1.00,1.75
2015.08.26 06:24:03.786,2.41833,2.41944,1.75,1.75
2015.08.26 06:24:03.938,2.41843,2.4195,1.00,1.75
2015.08.26 06:24:05.424,2.41844,2.4195,1.00,1.75
2015.08.26 06:24:07.342,2.41843,2.4195,1.00,1.75
2015.08.26 06:24:07.914,2.41844,2.4195,1.00,1.75
2015.08.26 06:24:08.774,2.41843,2.4195,1.00,1.75
2015.08.26 06:24:11.200,2.41833,2.41947,1.75,1.75
2015.08.26 06:24:12.021,2.41844,2.41947,1.00,1.75
2015.08.26 06:24:13.698,2.41831,2.41907,1.75,1.00
2015.08.26 06:24:13.749,2.4179,2.41906,1.75,1.75
2015.08.26 06:24:15.547,2.41793,2.41912,1.75,1.50
2015.08.26 06:24:15.648,2.41793,2.41912,1.75,1.50
2015.08.26 06:24:17.793,2.41811,2.41926,1.37,2.21
2015.08.26 06:24:17.844,2.41811,2.41926,1.75,2.21
2015.08.26 06:24:33.155,2.41842,2.41916,1.00,1.09
2015.08.26 06:24:33.206,2.41842,2.41936,1.00,1.37
2015.08.26 06:24:33.257,2.41842,2.41946,1.00,2.25
2015.08.26 06:24:33.408,2.41852,2.41959,1.37,1.75
2015.08.26 06:24:33.459,2.41852,2.41959,1.75,1.75
2015.08.26 06:24:40.416,2.41842,2.41959,1.37,1.75
2015.08.26 06:24:40.467,2.41833,2.41947,1.75,1.75
2015.08.26 06:24:40.920,2.41849,2.41951,1.00,1.75
2015.08.26 06:24:41.122,2.41861,2.41966,1.75,1.00
2015.08.26 06:24:41.374,2.41861,2.41977,1.75,1.75
2015.08.26 06:24:41.944,2.41861,2.41966,1.75,1.00
2015.08.26 06:24:42.464,2.4186,2.41967,1.75,1.00
2015.08.26 06:24:42.998,2.41852,2.41966,3.00,1.00
2015.08.26 06:24:44.231,2.4186,2.41967,1.75,1.00
2015.08.26 06:24:44.959,2.4186,2.41966,1.75,1.00
2015.08.26 06:24:46.739,2.4185,2.41963,1.75,1.00
2015.08.26 06:24:46.840,2.41845,2.41956,1.75,1.50
2015.08.26 06:24:57.591,2.41835,2.4195,1.75,1.37
2015.08.26 06:24:57.641,2.41834,2.41946,2.25,1.50
2015.08.26 06:24:58.381,2.4183,2.41943,1.37,1.50
2015.08.26 06:24:58.482,2.41827,2.41942,1.75,1.75
2015.08.26 06:25:03.675,2.41834,2.4194,1.00,1.75
2015.08.26 06:25:03.927,2.41823,2.4194,1.75,1.75
2015.08.26 06:25:14.112,2.41824,2.41936,1.75,1.75
2015.08.26 06:25:21.175,2.41834,2.41939,1.00,1.75
2015.08.26 06:25:21.683,2.41833,2.4194,1.00,1.75
2015.08.26 06:25:22.270,2.41834,2.4194,1.00,1.75
2015.08.26 06:25:23.700,2.41833,2.41942,1.00,1.75
2015.08.26 06:25:24.692,2.41834,2.41942,1.00,1.75
2015.08.26 06:25:24.940,2.41834,2.41944,1.75,1.50
2015.08.26 06:25:33.722,2.41843,2.41955,1.75,1.00
2015.08.26 06:25:34.231,2.41843,2.41957,1.75,1.37
2015.08.26 06:25:34.553,2.41846,2.41957,1.75,1.00
2015.08.26 06:25:35.933,2.41839,2.41937,1.75,1.00
2015.08.26 06:25:40.662,2.41848,2.41956,2.05,1.50
2015.08.26 06:25:40.713,2.41862,2.41966,2.05,1.00
2015.08.26 06:25:41.337,2.41862,2.41958,2.05,1.00
2015.08.26 06:25:41.489,2.41858,2.41957,1.75,1.00
2015.08.26 06:25:41.539,2.41858,2.41947,1.75,1.00
2015.08.26 06:25:42.168,2.41871,2.41947,1.75,1.00
2015.08.26 06:25:42.219,2.41871,2.41976,1.75,1.00
2015.08.26 06:25:45.485,2.41881,2.41977,1.75,1.00
2015.08.26 06:25:46.026,2.41881,2.41976,1.75,1.00
2015.08.26 06:25:48.404,2.41903,2.41976,1.00,1.00
2015.08.26 06:25:48.455,2.41903,2.42007,2.47,1.00
2015.08.26 06:25:48.959,2.41903,2.42006,2.47,1.00
2015.08.26 06:25:52.227,2.41911,2.42015,1.75,1.50
2015.08.26 06:25:52.398,2.41914,2.42017,1.75,1.00
2015.08.26 06:25:53.600,2.41921,2.42016,2.05,1.00
2015.08.26 06:25:53.655,2.41943,2.42037,1.12,1.11
2015.08.26 06:25:53.706,2.41948,2.42037,1.75,1.11
2015.08.26 06:25:54.040,2.41948,2.42037,1.75,1.11
2015.08.26 06:25:55.025,2.41948,2.42066,1.75,1.35
2015.08.26 06:25:55.575,2.41945,2.42053,2.05,1.24
2015.08.26 06:25:55.827,2.41931,2.42046,1.75,1.21
2015.08.26 06:25:56.545,2.41955,2.42047,1.37,1.21
2015.08.26 06:25:56.849,2.41956,2.42067,1.75,2.88
2015.08.26 06:25:57.377,2.41952,2.42067,1.75,1.62
2015.08.26 06:25:57.986,2.41942,2.42057,1.00,1.28
2015.08.26 06:25:58.290,2.41935,2.42056,1.00,1.28
2015.08.26 06:25:59.592,2.41923,2.42046,1.00,1.19
2015.08.26 06:26:00.097,2.41925,2.42046,1.00,1.21
2015.08.26 06:26:00.814,2.41924,2.42046,1.50,1.71
2015.08.26 06:26:01.130,2.41942,2.42046,1.00,1.15
2015.08.26 06:26:02.291,2.41942,2.42046,1.00,1.15
2015.08.26 06:26:04.535,2.41941,2.42046,1.00,1.65
2015.08.26 06:26:05.140,2.41932,2.42047,1.00,1.15
2015.08.26 06:26:05.902,2.41931,2.42042,1.00,1.70
2015.08.26 06:26:07.860,2.41932,2.42036,1.00,1.10
2015.08.26 06:26:10.294,2.41915,2.42036,1.00,1.10
2015.08.26 06:26:11.146,2.41921,2.42036,1.00,1.10
2015.08.26 06:26:11.449,2.41924,2.42036,1.00,1.09
2015.08.26 06:26:11.751,2.41931,2.42037,1.00,1.09
2015.08.26 06:26:12.547,2.41932,2.42037,1.00,1.14
2015.08.26 06:26:12.598,2.41914,2.42026,2.25,1.04
2015.08.26 06:26:12.886,2.41931,2.42037,1.00,1.14
2015.08.26 06:26:14.167,2.41932,2.42037,1.00,1.14
2015.08.26 06:26:17.881,2.41931,2.42046,1.00,1.24
2015.08.26 06:26:18.218,2.41941,2.42046,1.00,1.24
2015.08.26 06:26:18.471,2.41934,2.42046,1.00,1.18
2015.08.26 06:26:19.832,2.41943,2.42055,1.00,1.26
2015.08.26 06:26:20.155,2.41952,2.42057,1.00,1.26
2015.08.26 06:26:20.840,2.41943,2.42057,1.00,1.34
2015.08.26 06:26:21.510,2.41933,2.42047,1.00,1.24
2015.08.26 06:26:22.029,2.41934,2.42046,1.00,1.15
2015.08.26 06:26:22.282,2.41924,2.42036,1.00,1.10
2015.08.26 06:26:24.585,2.41914,2.42026,1.50,1.04
2015.08.26 06:26:24.693,2.41914,2.42016,1.00,1.00
2015.08.26 06:26:24.744,2.41912,2.42016,1.00,1.00
2015.08.26 06:26:24.845,2.41904,2.42016,1.50,1.00
2015.08.26 06:26:24.946,2.41913,2.42024,1.00,1.04
2015.08.26 06:26:25.339,2.41911,2.42024,1.00,1.04
2015.08.26 06:26:25.390,2.41908,2.42024,1.00,1.04
2015.08.26 06:26:26.056,2.41904,2.42016,1.00,1.00
2015.08.26 06:26:26.560,2.41903,2.42017,1.00,1.00
2015.08.26 06:26:27.248,2.41913,2.42024,1.00,1.04
2015.08.26 06:26:28.123,2.41911,2.42024,1.50,1.04
2015.08.26 06:26:28.801,2.41911,2.42016,1.00,1.00
2015.08.26 06:26:28.852,2.41905,2.42016,1.00,1.50
2015.08.26 06:26:29.313,2.41895,2.42007,1.00,1.00
2015.08.26 06:26:29.464,2.41893,2.42007,1.00,1.00
2015.08.26 06:26:31.973,2.41892,2.42007,1.00,1.00
2015.08.26 06:26:32.174,2.41883,2.42007,1.00,1.00
2015.08.26 06:26:34.371,2.41891,2.42007,1.00,1.50
2015.08.26 06:26:34.673,2.41883,2.41999,1.00,1.00
2015.08.26 06:26:35.307,2.41894,2.41999,1.00,1.00
2015.08.26 06:26:35.357,2.41894,2.42006,1.00,1.00
2015.08.26 06:26:35.940,2.41893,2.42007,1.00,1.00
2015.08.26 06:26:36.771,2.41884,2.42,1.00,1.00
2015.08.26 06:26:36.889,2.41883,2.41997,1.00,1.00
2015.08.26 06:26:37.220,2.41893,2.42,1.00,1.00
2015.08.26 06:26:38.871,2.41894,2.42,1.00,1.00
2015.08.26 06:26:39.586,2.41884,2.41993,1.00,1.00
2015.08.26 06:26:39.687,2.41873,2.41987,1.00,1.00
2015.08.26 06:26:39.889,2.41874,2.41993,1.00,1.00
2015.08.26 06:26:40.090,2.41884,2.41993,1.00,1.00
2015.08.26 06:26:41.581,2.41884,2.41992,1.00,1.00
2015.08.26 06:26:41.888,2.41884,2.41992,1.00,1.75
2015.08.26 06:26:42.205,2.41873,2.41992,1.75,1.75
2015.08.26 06:26:45.135,2.41874,2.4198,1.00,1.75
2015.08.26 06:26:45.286,2.41864,2.41979,1.75,1.75
2015.08.26 06:26:46.256,2.41857,2.41967,1.75,1.00
2015.08.26 06:26:47.139,2.41863,2.41976,1.75,1.75
2015.08.26 06:26:48.662,2.41854,2.41966,1.75,1.00
2015.08.26 06:26:48.863,2.41854,2.41964,1.50,1.75
2015.08.26 06:26:51.447,2.41864,2.41968,1.00,1.75
2015.08.26 06:26:53.405,2.41863,2.41975,1.00,1.75
2015.08.26 06:26:53.658,2.41854,2.41966,1.50,1.75
2015.08.26 06:26:54.461,2.41864,2.41972,1.00,1.75
2015.08.26 06:26:54.963,2.41863,2.41975,1.00,1.75
2015.08.26 06:26:58.254,2.41864,2.41974,1.00,1.75
2015.08.26 06:26:58.998,2.41863,2.41974,1.00,1.75
2015.08.26 06:27:02.082,2.41864,2.41974,1.00,2.25
2015.08.26 06:27:04.298,2.41861,2.41972,1.00,2.25
2015.08.26 06:27:08.130,2.41873,2.41971,1.00,1.75
2015.08.26 06:27:09.241,2.41884,2.41977,1.00,1.75
2015.08.26 06:27:09.291,2.41884,2.41977,1.00,1.75
2015.08.26 06:27:10.119,2.41883,2.41983,1.00,1.75
2015.08.26 06:27:12.158,2.41884,2.41984,1.00,1.75
2015.08.26 06:27:15.323,2.41883,2.41984,1.00,1.75
2015.08.26 06:27:18.779,2.41883,2.41993,1.37,1.75
2015.08.26 06:27:19.366,2.41894,2.41994,1.00,1.75
2015.08.26 06:27:19.915,2.41893,2.42002,1.00,1.75
2015.08.26 06:27:20.039,2.41903,2.42002,1.00,1.75
2015.08.26 06:27:20.818,2.41904,2.42001,1.37,1.00
2015.08.26 06:27:20.871,2.41904,2.42012,1.37,1.84
2015.08.26 06:27:22.588,2.41912,2.42019,1.00,1.75
2015.08.26 06:27:23.640,2.41913,2.42019,1.00,1.75
2015.08.26 06:27:24.188,2.41912,2.42019,1.00,1.75
2015.08.26 06:27:26.069,2.41911,2.4202,1.00,1.80
2015.08.26 06:27:26.609,2.41914,2.42021,1.00,1.79
2015.08.26 06:27:27.757,2.41911,2.4202,1.00,1.75
2015.08.26 06:27:29.509,2.41911,2.42005,1.00,1.00
2015.08.26 06:27:29.811,2.41903,2.42005,1.00,1.75
2015.08.26 06:27:30.393,2.41894,2.41998,1.00,1.75
2015.08.26 06:27:30.924,2.41893,2.42003,1.00,1.75
2015.08.26 06:27:33.035,2.41903,2.42007,1.00,1.75
2015.08.26 06:27:33.539,2.41904,2.42008,1.00,1.75
2015.08.26 06:27:33.793,2.41913,2.42008,1.00,1.75
2015.08.26 06:27:34.451,2.41904,2.42013,1.00,1.75
2015.08.26 06:27:39.366,2.41903,2.4201,1.00,1.75
2015.08.26 06:27:41.310,2.41904,2.42013,1.00,1.75
2015.08.26 06:27:41.830,2.41903,2.42012,1.00,1.75
2015.08.26 06:27:42.997,2.41894,2.42009,1.75,2.25
2015.08.26 06:27:45.441,2.41904,2.42007,1.00,1.75
2015.08.26 06:27:47.556,2.41903,2.42006,1.00,1.75
2015.08.26 06:27:51.114,2.41894,2.42005,1.00,3.00
2015.08.26 06:27:51.167,2.41894,2.41994,1.00,1.37
2015.08.26 06:27:51.686,2.41893,2.41994,1.00,1.75
2015.08.26 06:27:54.284,2.41883,2.41993,1.00,1.75
2015.08.26 06:27:54.797,2.41884,2.41993,1.00,1.75
2015.08.26 06:27:54.986,2.41893,2.41994,1.00,1.75
2015.08.26 06:27:56.086,2.41883,2.41994,1.00,1.75
2015.08.26 06:27:56.187,2.41883,2.42001,1.37,1.75
2015.08.26 06:27:56.237,2.41883,2.42001,1.75,1.75
2015.08.26 06:27:56.778,2.41893,2.42002,1.00,1.75
2015.08.26 06:27:57.666,2.41894,2.42003,1.00,1.75
2015.08.26 06:27:59.196,2.41893,2.42006,1.00,1.75
2015.08.26 06:28:00.054,2.41893,2.42006,1.37,1.50
2015.08.26 06:28:00.105,2.41893,2.42005,1.75,1.37
2015.08.26 06:28:01.599,2.41912,2.42013,1.00,1.75
2015.08.26 06:28:02.104,2.41911,2.42013,1.00,1.75
2015.08.26 06:28:03.030,2.41894,2.41995,1.00,1.75
2015.08.26 06:28:03.402,2.41894,2.41993,1.00,1.75
2015.08.26 06:28:03.503,2.41884,2.4199,1.00,1.75
2015.08.26 06:28:03.678,2.41884,2.41985,1.00,1.75
2015.08.26 06:28:04.791,2.41874,2.41968,1.00,1.75
2015.08.26 06:28:05.317,2.41873,2.41965,1.00,1.75
2015.08.26 06:28:05.469,2.41864,2.41965,1.00,1.75
2015.08.26 06:28:05.576,2.41871,2.41965,1.00,1.75
2015.08.26 06:28:06.253,2.41863,2.4196,1.00,1.75
2015.08.26 06:28:06.307,2.41863,2.4196,1.00,1.75
2015.08.26 06:28:06.559,2.41853,2.41955,1.00,1.75
2015.08.26 06:28:06.764,2.41843,2.41946,1.12,1.37
2015.08.26 06:28:06.915,2.41843,2.41943,1.00,1.37
2015.08.26 06:28:07.545,2.41814,2.41927,1.00,1.75
2015.08.26 06:28:07.903,2.41823,2.41921,1.00,1.75
2015.08.26 06:28:08.004,2.41824,2.41931,1.00,1.75
2015.08.26 06:28:08.106,2.41824,2.41931,1.00,1.75
2015.08.26 06:28:08.207,2.41833,2.41933,1.00,1.75
2015.08.26 06:28:08.964,2.41833,2.41935,1.00,1.50
2015.08.26 06:28:09.123,2.41834,2.41951,1.37,1.75
2015.08.26 06:28:09.224,2.41843,2.4195,1.00,1.75
2015.08.26 06:28:10.055,2.41844,2.41954,1.00,1.75
2015.08.26 06:28:12.916,2.41843,2.41954,1.00,1.75
2015.08.26 06:28:16.805,2.41844,2.41954,1.00,1.75
2015.08.26 06:28:17.315,2.41843,2.41951,1.00,1.75
2015.08.26 06:28:18.525,2.41844,2.41952,1.00,1.75
2015.08.26 06:28:19.406,2.41843,2.41952,1.00,1.75
2015.08.26 06:28:19.964,2.41844,2.41952,1.00,1.75
2015.08.26 06:28:20.758,2.41843,2.41955,1.00,1.75
2015.08.26 06:28:21.696,2.41844,2.41955,1.00,1.75
2015.08.26 06:28:22.217,2.41843,2.41955,1.00,1.75
2015.08.26 06:28:23.243,2.41844,2.41955,1.00,1.75
2015.08.26 06:28:25.109,2.41844,2.41949,1.37,1.37
2015.08.26 06:28:25.345,2.41843,2.41947,1.00,1.75
2015.08.26 06:28:25.886,2.41844,2.41947,1.00,1.75
2015.08.26 06:28:28.205,2.41843,2.41947,1.00,1.75
2015.08.26 06:28:33.087,2.41851,2.41946,1.00,1.75
2015.08.26 06:28:33.390,2.41864,2.41963,1.00,1.75
2015.08.26 06:28:35.599,2.41862,2.4196,1.00,1.75
2015.08.26 06:28:37.093,2.41853,2.41961,1.00,1.75
2015.08.26 06:28:37.345,2.41851,2.41954,1.00,1.75
2015.08.26 06:28:37.396,2.41844,2.4195,1.00,1.75
2015.08.26 06:28:37.547,2.41844,2.41942,1.00,1.75
2015.08.26 06:28:37.850,2.41844,2.41942,1.00,1.75
2015.08.26 06:28:38.735,2.41843,2.41942,1.00,1.75
2015.08.26 06:28:39.315,2.41833,2.41942,1.00,1.75
2015.08.26 06:28:41.001,2.41834,2.41942,1.00,1.75
2015.08.26 06:28:44.430,2.41823,2.4193,1.75,1.00
2015.08.26 06:28:44.481,2.41823,2.4193,1.00,1.75
2015.08.26 06:28:45.019,2.41824,2.4193,1.00,1.75
2015.08.26 06:28:47.368,2.41823,2.41928,1.00,1.75
2015.08.26 06:28:47.932,2.41824,2.41927,1.00,1.75
2015.08.26 06:28:48.654,2.41824,2.41906,1.00,1.37
2015.08.26 06:28:48.707,2.41803,2.41904,1.00,1.75
2015.08.26 06:28:48.910,2.41793,2.41892,1.00,1.00
2015.08.26 06:28:48.960,2.41793,2.41892,1.00,1.37
2015.08.26 06:28:49.011,2.41784,2.41892,1.00,1.75
2015.08.26 06:28:50.131,2.41783,2.41892,1.00,2.25
2015.08.26 06:28:51.547,2.41783,2.41895,1.00,1.00
2015.08.26 06:28:51.598,2.41783,2.41897,1.00,1.00
2015.08.26 06:28:51.757,2.41792,2.41897,1.00,1.00
2015.08.26 06:28:52.101,2.41783,2.41897,1.00,1.00
2015.08.26 06:28:52.780,2.41793,2.41902,1.00,1.00
2015.08.26 06:28:53.612,2.41793,2.41906,1.00,1.00
2015.08.26 06:28:54.401,2.41793,2.41907,1.00,1.00
2015.08.26 06:28:54.502,2.41804,2.41916,1.00,1.00
2015.08.26 06:28:55.048,2.41794,2.41906,1.00,1.00
2015.08.26 06:28:55.830,2.41793,2.41905,1.00,1.00
2015.08.26 06:28:56.137,2.41793,2.419,1.00,1.00
2015.08.26 06:28:56.188,2.41784,2.419,1.00,1.00
2015.08.26 06:28:57.945,2.41784,2.41896,1.00,1.00
2015.08.26 06:28:59.454,2.41783,2.41889,1.00,1.00
2015.08.26 06:29:01.453,2.41783,2.4189,1.00,1.50
2015.08.26 06:29:02.498,2.41784,2.4189,1.00,1.00
2015.08.26 06:29:02.801,2.41784,2.41895,1.00,1.37
2015.08.26 06:29:04.068,2.41784,2.41896,1.00,1.00
2015.08.26 06:29:04.119,2.41792,2.41896,1.00,1.00
2015.08.26 06:29:08.684,2.41792,2.41897,1.00,1.00
2015.08.26 06:29:11.589,2.41791,2.41897,1.00,1.00
2015.08.26 06:29:11.690,2.41794,2.41906,1.00,1.00
2015.08.26 06:29:11.841,2.41794,2.41906,1.75,1.00
2015.08.26 06:29:11.892,2.41803,2.41917,1.00,1.00
2015.08.26 06:29:15.645,2.41804,2.41916,1.00,1.00
2015.08.26 06:29:15.847,2.41795,2.41906,1.75,1.00
2015.08.26 06:29:18.309,2.41803,2.41917,1.00,1.00
2015.08.26 06:29:24.463,2.41811,2.41917,1.00,1.00
2015.08.26 06:29:26.193,2.41803,2.41917,1.00,1.00
2015.08.26 06:29:26.794,2.41804,2.41917,1.00,1.00
2015.08.26 06:29:27.376,2.41804,2.41916,1.00,1.00
2015.08.26 06:29:27.427,2.41811,2.41916,1.00,1.00
2015.08.26 06:29:27.528,2.41811,2.41926,1.75,1.00
2015.08.26 06:29:28.889,2.41814,2.41925,1.37,1.00
2015.08.26 06:29:30.148,2.41803,2.41917,2.25,1.00
2015.08.26 06:29:32.444,2.41804,2.41926,1.75,1.50
2015.08.26 06:29:33.438,2.41824,2.41929,1.00,1.00
2015.08.26 06:29:33.539,2.41824,2.41936,1.00,1.00
2015.08.26 06:29:34.798,2.41823,2.41937,1.00,1.00
2015.08.26 06:29:38.476,2.41813,2.41937,1.50,1.00
2015.08.26 06:29:38.933,2.41824,2.41936,1.00,1.00
2015.08.26 06:29:39.420,2.41813,2.41937,1.50,1.00
2015.08.26 06:29:40.404,2.41823,2.41937,1.00,1.00
2015.08.26 06:29:40.706,2.41814,2.41936,1.37,1.00
2015.08.26 06:29:42.344,2.41823,2.41937,1.00,1.00
2015.08.26 06:29:45.561,2.41814,2.41937,1.75,1.00
2015.08.26 06:29:48.932,2.41823,2.41937,1.00,1.00
2015.08.26 06:29:49.285,2.41813,2.41937,1.75,1.00
2015.08.26 06:29:50.563,2.41824,2.41936,1.00,1.00
2015.08.26 06:29:52.528,2.41804,2.41923,1.75,1.00
2015.08.26 06:29:52.680,2.41813,2.41925,1.00,1.00
2015.08.26 06:29:53.823,2.41813,2.41926,1.00,1.00
2015.08.26 06:29:55.596,2.41813,2.41927,1.00,1.00
2015.08.26 06:29:56.300,2.41814,2.4193,1.00,1.00
2015.08.26 06:29:58.158,2.41813,2.41927,1.00,1.00
2015.08.26 06:29:58.922,2.41814,2.41926,1.00,1.00
2015.08.26 06:30:01.572,2.41813,2.41924,1.00,1.00
2015.08.26 06:30:02.171,2.41813,2.41921,1.00,1.00
2015.08.26 06:30:02.684,2.41814,2.41921,1.00,1.00
2015.08.26 06:30:02.933,2.41814,2.41926,1.00,1.00
2015.08.26 06:30:03.857,2.41813,2.41927,1.00,1.50
2015.08.26 06:30:04.087,2.41824,2.41936,1.00,1.00
2015.08.26 06:30:04.390,2.41832,2.41936,1.00,1.00
2015.08.26 06:30:04.441,2.41834,2.41946,1.00,1.00
2015.08.26 06:30:05.745,2.41833,2.41947,1.00,1.00
2015.08.26 06:30:06.037,2.41833,2.41947,2.25,1.00
2015.08.26 06:30:08.372,2.41834,2.41946,1.75,1.00
2015.08.26 06:30:09.968,2.41833,2.41947,1.75,1.00
2015.08.26 06:30:10.628,2.41834,2.41946,1.75,1.00
2015.08.26 06:30:12.522,2.41833,2.41947,1.75,1.00
2015.08.26 06:30:13.326,2.41843,2.41956,1.12,1.50
2015.08.26 06:30:14.027,2.41843,2.41955,1.12,1.00
2015.08.26 06:30:14.084,2.41851,2.41955,1.00,1.00
2015.08.26 06:30:14.287,2.41843,2.41956,1.12,1.50
2015.08.26 06:30:15.403,2.41851,2.41957,1.00,1.00
2015.08.26 06:30:16.176,2.41851,2.41956,1.00,1.00
2015.08.26 06:30:16.810,2.41853,2.41966,1.00,1.34
2015.08.26 06:30:17.620,2.41852,2.41956,1.00,1.00
2015.08.26 06:30:18.252,2.41851,2.41956,1.00,1.00
2015.08.26 06:30:18.353,2.41843,2.41957,1.12,1.00
2015.08.26 06:30:18.504,2.41851,2.41957,1.00,1.00
2015.08.26 06:30:19.517,2.41851,2.41956,1.00,1.00
2015.08.26 06:30:20.136,2.41851,2.41957,1.00,1.00
2015.08.26 06:30:21.433,2.41851,2.41956,1.00,1.00
2015.08.26 06:30:21.483,2.41844,2.41955,1.00,1.00
2015.08.26 06:30:21.689,2.41842,2.41946,1.00,1.00
2015.08.26 06:30:21.907,2.4184,2.41946,1.00,1.00
2015.08.26 06:30:21.958,2.4184,2.41944,1.00,1.00
2015.08.26 06:30:22.619,2.4184,2.41936,1.00,1.00
2015.08.26 06:30:23.457,2.41839,2.41936,1.00,1.50
2015.08.26 06:30:24.149,2.41839,2.41935,1.00,1.00
2015.08.26 06:30:24.535,2.4184,2.41926,1.00,1.00
2015.08.26 06:30:24.888,2.4184,2.41916,1.00,1.00
2015.08.26 06:30:25.665,2.4184,2.41917,1.00,1.00
2015.08.26 06:30:26.129,2.41835,2.41916,1.00,1.00
2015.08.26 06:30:27.841,2.41836,2.41917,1.00,1.50
2015.08.26 06:30:27.897,2.41826,2.41907,1.00,1.00
2015.08.26 06:30:28.424,2.41825,2.41907,1.00,1.00
2015.08.26 06:30:30.329,2.41836,2.41907,1.00,1.00
2015.08.26 06:30:30.481,2.41836,2.41917,1.00,1.00
2015.08.26 06:30:31.055,2.41836,2.41906,1.00,1.00
2015.08.26 06:30:31.531,2.41834,2.41906,1.00,1.00
2015.08.26 06:30:34.886,2.41835,2.41906,1.00,1.00
2015.08.26 06:30:34.989,2.41798,2.41906,1.00,1.50
2015.08.26 06:30:35.040,2.41798,2.41884,1.00,1.00
2015.08.26 06:30:35.192,2.41774,2.41882,1.00,1.50
2015.08.26 06:30:35.242,2.4177,2.41877,1.00,1.00
2015.08.26 06:30:35.988,2.4177,2.41867,1.00,1.00
2015.08.26 06:30:36.256,2.41757,2.41856,1.00,1.00
2015.08.26 06:30:36.760,2.41757,2.41857,1.00,1.00
2015.08.26 06:30:36.962,2.41752,2.41857,1.00,1.00
2015.08.26 06:30:37.625,2.41753,2.41857,1.00,1.00
2015.08.26 06:30:37.943,2.41749,2.41857,1.50,1.00
2015.08.26 06:30:39.525,2.4175,2.41856,1.37,1.00
2015.08.26 06:30:39.576,2.41753,2.41856,1.00,1.00
2015.08.26 06:30:40.731,2.41752,2.41856,1.00,1.00
2015.08.26 06:30:41.454,2.41753,2.41856,1.50,1.00
2015.08.26 06:30:43.278,2.41752,2.41856,1.00,1.00
2015.08.26 06:30:43.689,2.4175,2.41857,1.00,1.00
2015.08.26 06:30:43.891,2.41742,2.41853,1.00,1.00
2015.08.26 06:30:43.942,2.41742,2.41846,1.00,1.00
2015.08.26 06:30:44.708,2.41742,2.41847,1.00,1.00
2015.08.26 06:30:45.678,2.41742,2.41846,1.00,1.00
2015.08.26 06:30:46.289,2.41741,2.41846,1.00,1.00
2015.08.26 06:30:46.592,2.41751,2.41853,1.00,1.00
2015.08.26 06:30:46.702,2.41751,2.41856,1.00,1.00
2015.08.26 06:30:47.552,2.41752,2.41855,1.00,1.00
2015.08.26 06:30:49.387,2.41752,2.41857,1.00,1.00
2015.08.26 06:30:49.697,2.41743,2.41857,1.00,1.00
2015.08.26 06:30:49.805,2.41751,2.41857,1.00,1.00
2015.08.26 06:30:50.215,2.41751,2.41855,1.00,1.00
2015.08.26 06:30:50.919,2.41751,2.41852,1.50,1.00
2015.08.26 06:30:51.222,2.41751,2.41846,1.50,1.00
2015.08.26 06:30:51.761,2.4175,2.41846,1.00,1.00
2015.08.26 06:30:51.923,2.41745,2.41846,1.00,1.00
2015.08.26 06:30:52.516,2.41745,2.41847,1.00,1.00
2015.08.26 06:30:52.796,2.41746,2.41844,1.00,1.00
2015.08.26 06:30:52.927,2.41742,2.41845,1.00,1.00
2015.08.26 06:30:53.028,2.41742,2.41836,1.00,1.00
2015.08.26 06:30:53.466,2.41741,2.41826,1.00,1.00
2015.08.26 06:30:54.113,2.41729,2.41827,1.00,1.00
2015.08.26 06:30:54.415,2.41719,2.41827,1.50,1.00
2015.08.26 06:30:54.466,2.4172,2.41836,1.00,1.00
2015.08.26 06:30:54.718,2.41727,2.41837,1.00,1.00
2015.08.26 06:30:55.800,2.41727,2.41826,1.00,1.00
2015.08.26 06:30:56.118,2.41741,2.41836,1.00,1.00
2015.08.26 06:30:56.320,2.41724,2.41836,1.00,1.00
2015.08.26 06:30:56.370,2.41722,2.41827,1.00,1.00
2015.08.26 06:30:58.035,2.41721,2.41826,1.00,1.00
2015.08.26 06:30:58.577,2.41722,2.41826,1.00,1.00
2015.08.26 06:30:58.927,2.41721,2.41816,1.00,1.00
2015.08.26 06:30:59.717,2.41721,2.41817,1.00,1.00
2015.08.26 06:30:59.868,2.41721,2.41824,1.00,1.00
2015.08.26 06:31:00.089,2.41721,2.41817,1.00,1.00
2015.08.26 06:31:01.089,2.41712,2.41807,1.00,1.00
2015.08.26 06:31:01.139,2.41702,2.41807,1.00,1.00
2015.08.26 06:31:01.342,2.41701,2.41801,1.00,1.00
2015.08.26 06:31:01.646,2.41692,2.41787,1.00,1.00
2015.08.26 06:31:01.952,2.41692,2.41776,1.00,1.00
2015.08.26 06:31:02.561,2.41672,2.41772,1.00,1.00
2015.08.26 06:31:02.621,2.41672,2.41766,1.00,1.00
2015.08.26 06:31:03.065,2.41672,2.41757,1.00,1.00
2015.08.26 06:31:03.367,2.41661,2.41757,1.00,1.00
2015.08.26 06:31:04.024,2.41662,2.41766,1.00,1.00
2015.08.26 06:31:04.176,2.41662,2.41757,1.00,1.00
2015.08.26 06:31:04.575,2.41652,2.41757,1.00,1.00
2015.08.26 06:31:04.828,2.41652,2.41746,1.00,1.00
2015.08.26 06:31:05.441,2.41651,2.41746,1.00,1.00
2015.08.26 06:31:05.894,2.41652,2.41736,1.00,1.00
2015.08.26 06:31:06.430,2.41661,2.41736,1.00,1.00
2015.08.26 06:31:06.481,2.41651,2.41736,1.00,1.00
2015.08.26 06:31:07.114,2.41652,2.41736,1.00,1.00
2015.08.26 06:31:07.633,2.41651,2.41737,1.00,1.00
2015.08.26 06:31:07.734,2.41651,2.41747,1.00,1.00
2015.08.26 06:31:07.846,2.41662,2.41747,1.00,1.00
2015.08.26 06:31:08.473,2.41662,2.41757,1.00,1.00
2015.08.26 06:31:08.892,2.41661,2.41747,1.00,1.00
2015.08.26 06:31:09.422,2.41662,2.41747,1.00,1.00
2015.08.26 06:31:10.021,2.41662,2.41757,1.00,1.00
2015.08.26 06:31:10.080,2.41662,2.41746,1.00,1.00
2015.08.26 06:31:10.625,2.41661,2.41746,1.00,1.00
2015.08.26 06:31:12.299,2.41661,2.41747,1.00,1.00
2015.08.26 06:31:12.501,2.41661,2.41756,1.00,1.00
2015.08.26 06:31:13.816,2.41651,2.41748,1.00,1.00
2015.08.26 06:31:13.867,2.41651,2.41736,1.00,1.00
2015.08.26 06:31:14.393,2.41652,2.41736,1.00,1.00
2015.08.26 06:31:15.392,2.41651,2.41747,1.00,1.00
2015.08.26 06:31:15.894,2.41651,2.41746,1.00,1.00
2015.08.26 06:31:17.159,2.41641,2.41737,1.00,1.00
2015.08.26 06:31:17.210,2.41642,2.4173,1.00,1.00
2015.08.26 06:31:17.311,2.41621,2.41725,1.00,1.34
2015.08.26 06:31:17.463,2.41621,2.41716,1.00,1.00
2015.08.26 06:31:17.715,2.41631,2.41736,1.00,2.25
2015.08.26 06:31:18.587,2.41632,2.41726,1.00,1.34
2015.08.26 06:31:18.638,2.41622,2.41726,1.00,1.34
2015.08.26 06:31:18.790,2.41622,2.41717,1.00,1.00
2015.08.26 06:31:18.892,2.41611,2.41717,1.00,1.00
2015.08.26 06:31:19.396,2.41612,2.41716,1.00,1.00
2015.08.26 06:31:20.147,2.41621,2.41726,1.00,1.34
2015.08.26 06:31:20.661,2.41622,2.41716,1.00,1.00
2015.08.26 06:31:24.032,2.41612,2.41716,1.00,1.00
2015.08.26 06:31:24.463,2.41622,2.41716,1.00,1.00
2015.08.26 06:31:24.766,2.41621,2.41707,1.00,1.00
2015.08.26 06:31:24.816,2.41612,2.41706,1.00,1.00
2015.08.26 06:31:25.591,2.41611,2.41706,1.00,1.00
2015.08.26 06:31:26.355,2.41612,2.41706,1.00,1.00
2015.08.26 06:31:26.506,2.41612,2.41696,1.00,1.00
2015.08.26 06:31:27.896,2.41611,2.41707,1.00,1.00
2015.08.26 06:31:28.530,2.41612,2.41707,1.00,1.00
2015.08.26 06:31:28.580,2.41612,2.41697,1.00,1.00
2015.08.26 06:31:28.681,2.41612,2.41707,1.00,1.00
2015.08.26 06:31:29.788,2.41612,2.41706,1.00,1.00
2015.08.26 06:31:30.336,2.41611,2.41707,1.00,1.00
2015.08.26 06:31:30.886,2.41612,2.41706,1.00,1.00
2015.08.26 06:31:32.830,2.41602,2.41706,1.00,1.00
2015.08.26 06:31:33.389,2.41611,2.41706,1.00,1.00
2015.08.26 06:31:33.899,2.41612,2.41707,1.00,1.00
2015.08.26 06:31:34.502,2.41612,2.41706,1.00,1.00
2015.08.26 06:31:35.084,2.41602,2.41706,1.00,1.00
2015.08.26 06:31:35.197,2.41602,2.41697,1.00,1.00
2015.08.26 06:31:35.646,2.41592,2.41697,1.00,1.00
2015.08.26 06:31:36.177,2.41592,2.41696,1.00,1.00
2015.08.26 06:31:37.282,2.41591,2.41696,1.00,1.00
2015.08.26 06:31:37.784,2.41601,2.41696,1.00,1.00
2015.08.26 06:31:41.187,2.41587,2.41695,1.00,1.00
2015.08.26 06:31:41.238,2.41581,2.41685,1.00,1.34
2015.08.26 06:31:41.289,2.41581,2.41685,1.00,1.00
2015.08.26 06:31:41.490,2.41582,2.41687,1.00,1.50
2015.08.26 06:31:41.792,2.41583,2.4169,1.00,1.00
2015.08.26 06:31:41.994,2.41583,2.41696,1.00,1.87
2015.08.26 06:31:43.330,2.41591,2.41696,1.00,1.50
2015.08.26 06:31:43.514,2.41591,2.417,1.00,1.00
2015.08.26 06:31:43.733,2.41591,2.41696,1.00,1.00
2015.08.26 06:31:45.400,2.41591,2.41697,1.00,1.00
2015.08.26 06:31:45.864,2.41582,2.41696,1.00,1.50
2015.08.26 06:31:46.616,2.41591,2.41687,1.00,1.00
2015.08.26 06:31:47.125,2.41592,2.41686,1.00,1.00
2015.08.26 06:31:50.127,2.41592,2.41687,1.00,1.00
2015.08.26 06:31:51.235,2.41591,2.41687,1.00,1.00
2015.08.26 06:31:51.992,2.41592,2.41686,1.00,1.00
2015.08.26 06:31:54.088,2.41571,2.41676,1.00,1.00
2015.08.26 06:31:55.793,2.41571,2.41675,1.00,1.00
2015.08.26 06:31:55.964,2.41581,2.41676,1.00,1.00
2015.08.26 06:31:56.065,2.41571,2.41675,1.00,1.00
2015.08.26 06:31:56.166,2.41581,2.41676,1.00,1.00
2015.08.26 06:31:56.418,2.41582,2.41681,1.00,1.87
2015.08.26 06:31:58.006,2.41572,2.41674,1.00,1.00
2015.08.26 06:31:58.058,2.41572,2.41672,1.00,1.00
2015.08.26 06:31:58.375,2.41563,2.41665,1.00,1.00
2015.08.26 06:31:58.426,2.41563,2.4166,1.00,1.00
2015.08.26 06:31:58.528,2.41554,2.4166,1.00,1.00
2015.08.26 06:31:58.579,2.41561,2.4166,1.00,1.00
2015.08.26 06:31:59.480,2.41562,2.4166,1.00,1.00
2015.08.26 06:31:59.581,2.41556,2.4166,1.00,1.00
2015.08.26 06:31:59.863,2.41556,2.41664,1.00,1.00
2015.08.26 06:32:00.046,2.41557,2.41662,1.00,1.00
2015.08.26 06:32:00.566,2.41556,2.41663,1.00,1.00
2015.08.26 06:32:01.269,2.41533,2.41644,1.00,1.00
2015.08.26 06:32:01.370,2.41528,2.41638,1.37,1.00
2015.08.26 06:32:01.623,2.41528,2.41639,1.00,1.00
2015.08.26 06:32:01.673,2.41528,2.41633,1.00,1.00
2015.08.26 06:32:01.724,2.41523,2.41633,1.50,1.00
2015.08.26 06:32:01.775,2.41523,2.41625,1.50,1.00
2015.08.26 06:32:02.526,2.4152,2.41617,1.00,1.00
2015.08.26 06:32:02.918,2.41527,2.41617,1.00,1.00
2015.08.26 06:32:04.007,2.41527,2.41616,1.00,1.50
2015.08.26 06:32:04.260,2.41482,2.41587,1.37,1.09
2015.08.26 06:32:04.310,2.41491,2.41587,1.00,1.09
2015.08.26 06:32:04.663,2.41481,2.41586,1.00,1.00
2015.08.26 06:32:05.357,2.41481,2.41587,1.00,1.00
2015.08.26 06:32:05.794,2.41481,2.41577,1.50,1.00
2015.08.26 06:32:06.323,2.4148,2.41576,1.00,1.00
