2011.01.27 17:00:00.701,2.06135,2.06166,1.13,1.05
2011.01.27 17:00:00.818,2.0611,2.06162,2.07,1.05
2011.01.27 17:00:01.387,2.0611,2.06196,1.13,1.05
2011.01.27 17:00:01.509,2.06105,2.06195,1.50,1.05
2011.01.27 17:00:01.615,2.06089,2.06195,1.50,1.05
2011.01.27 17:00:01.726,2.06089,2.06209,1.50,1.05
2011.01.27 17:00:01.835,2.06086,2.06209,1.05,1.05
2011.01.27 17:00:02.586,2.06085,2.06208,1.05,1.05
2011.01.27 17:00:06.269,2.06083,2.06208,1.05,1.05
2011.01.27 17:00:06.595,2.06094,2.06208,1.50,1.05
2011.01.27 17:00:08.107,2.06094,2.0621,1.50,1.05
2011.01.27 17:00:09.196,2.06094,2.06209,1.50,1.05
2011.01.27 17:00:10.171,2.06094,2.06208,1.50,1.05
2011.01.27 17:00:11.066,2.06094,2.06203,1.50,1.05
2011.01.27 17:00:11.897,2.06094,2.06207,1.50,1.05
2011.01.27 17:00:12.912,2.06072,2.0618,1.13,1.05
2011.01.27 17:00:13.537,2.06072,2.06187,1.13,1.05
2011.01.27 17:00:14.192,2.06065,2.06183,1.13,2.18
2011.01.27 17:00:15.366,2.06065,2.06183,1.13,1.20
2011.01.27 17:00:15.877,2.06073,2.06184,1.13,1.13
2011.01.27 17:00:16.246,2.06078,2.06188,1.13,1.05
2011.01.27 17:00:16.807,2.06078,2.06192,1.13,1.05
2011.01.27 17:00:16.920,2.06078,2.06193,1.13,1.50
2011.01.27 17:00:18.337,2.06078,2.06183,1.13,1.20
2011.01.27 17:00:18.448,2.06078,2.06194,1.13,3.08
2011.01.27 17:00:19.826,2.06078,2.06194,1.28,1.20
2011.01.27 17:00:19.942,2.06078,2.06194,1.13,3.08
2011.01.27 17:00:22.707,2.06078,2.06194,1.32,1.05
2011.01.27 17:00:23.217,2.06098,2.062,1.13,1.05
2011.01.27 17:00:23.329,2.06092,2.062,1.13,1.05
2011.01.27 17:00:23.557,2.06092,2.06203,1.13,1.39
2011.01.27 17:00:24.824,2.06092,2.06203,1.13,1.39
2011.01.27 17:00:27.402,2.06092,2.06208,1.13,1.32
2011.01.27 17:00:28.056,2.06092,2.06208,1.13,3.15
2011.01.27 17:00:30.541,2.06092,2.06208,1.13,1.32
2011.01.27 17:00:31.446,2.06086,2.06201,1.32,1.13
2011.01.27 17:00:32.039,2.06092,2.06208,1.13,1.28
2011.01.27 17:00:33.040,2.06092,2.06208,1.13,1.43
2011.01.27 17:00:33.796,2.06092,2.06208,1.13,1.13
2011.01.27 17:00:33.906,2.06097,2.06213,1.13,1.20
2011.01.27 17:00:34.625,2.06097,2.06213,1.13,1.50
2011.01.27 17:00:34.738,2.06097,2.06213,1.13,1.13
2011.01.27 17:00:35.279,2.06101,2.06213,1.13,1.13
2011.01.27 17:00:36.120,2.06101,2.06213,1.13,1.13
2011.01.27 17:00:37.010,2.06101,2.06213,1.13,1.20
2011.01.27 17:00:37.680,2.06108,2.06215,1.13,1.32
2011.01.27 17:00:39.026,2.06104,2.06215,1.13,1.39
2011.01.27 17:00:40.436,2.06104,2.06217,1.13,1.30
2011.01.27 17:00:40.827,2.06104,2.06222,1.13,6.30
2011.01.27 17:00:41.513,2.06102,2.06218,1.13,5.93
2011.01.27 17:00:41.618,2.06088,2.06197,1.13,1.05
2011.01.27 17:00:41.836,2.06083,2.06198,1.13,1.13
2011.01.27 17:00:42.609,2.06083,2.06197,1.13,1.05
2011.01.27 17:00:43.290,2.06083,2.06198,1.13,2.48
2011.01.27 17:00:44.647,2.06083,2.06198,1.13,1.13
2011.01.27 17:00:44.866,2.06089,2.06202,1.13,1.05
2011.01.27 17:00:45.728,2.06082,2.06199,1.13,2.18
2011.01.27 17:00:46.648,2.06088,2.06203,1.13,1.20
2011.01.27 17:00:46.758,2.06084,2.062,1.13,1.13
2011.01.27 17:00:47.196,2.0608,2.06194,1.05,1.13
2011.01.27 17:00:47.556,2.06083,2.06194,1.05,1.13
2011.01.27 17:00:48.585,2.06081,2.06194,1.05,1.13
2011.01.27 17:00:48.697,2.06085,2.062,1.05,1.13
2011.01.27 17:00:49.973,2.06084,2.062,2.18,1.13
2011.01.27 17:00:50.086,2.06086,2.062,1.05,1.13
2011.01.27 17:00:50.917,2.06085,2.062,1.05,1.13
2011.01.27 17:00:51.626,2.06085,2.06198,1.13,1.13
2011.01.27 17:00:51.956,2.06084,2.06193,2.18,1.13
2011.01.27 17:00:52.176,2.06085,2.06198,1.13,1.13
2011.01.27 17:00:53.616,2.06085,2.06198,1.13,1.32
2011.01.27 17:00:53.836,2.06085,2.06193,1.13,1.05
2011.01.27 17:00:54.537,2.06079,2.06167,1.05,1.13
2011.01.27 17:00:54.654,2.06083,2.06179,1.13,1.13
2011.01.27 17:00:54.768,2.06081,2.06176,1.13,1.13
2011.01.27 17:00:54.987,2.06083,2.06187,1.13,1.13
2011.01.27 17:00:55.869,2.06082,2.06175,1.13,1.13
2011.01.27 17:00:56.306,2.06083,2.06187,1.13,1.13
2011.01.27 17:00:56.915,2.06084,2.06186,1.13,1.13
2011.01.27 17:00:59.748,2.06081,2.06176,1.13,1.13
2011.01.27 17:01:00.079,2.06115,2.06182,1.13,1.13
2011.01.27 17:01:00.187,2.06092,2.06166,1.13,1.13
2011.01.27 17:01:00.807,2.06103,2.06168,1.13,1.13
2011.01.27 17:01:04.520,2.06113,2.0617,1.13,1.13
2011.01.27 17:01:05.111,2.06104,2.0618,1.13,1.13
2011.01.27 17:01:05.232,2.06084,2.06176,1.50,1.13
2011.01.27 17:01:05.349,2.06081,2.06176,2.07,1.13
2011.01.27 17:01:05.980,2.06081,2.06176,1.13,1.13
2011.01.27 17:01:09.190,2.06065,2.06172,2.55,1.13
2011.01.27 17:01:10.748,2.06065,2.06161,1.50,1.13
2011.01.27 17:01:11.484,2.06081,2.06164,1.13,1.13
2011.01.27 17:01:11.706,2.06082,2.06176,1.13,1.13
2011.01.27 17:01:13.995,2.06073,2.06172,1.05,1.13
2011.01.27 17:01:14.108,2.06065,2.06172,1.05,1.13
2011.01.27 17:01:15.907,2.06081,2.06176,1.13,1.13
2011.01.27 17:01:27.631,2.06069,2.06171,1.05,1.13
2011.01.27 17:01:29.138,2.06066,2.06171,1.05,1.13
2011.01.27 17:01:31.148,2.06065,2.06171,1.05,1.13
2011.01.27 17:01:33.489,2.06065,2.06172,1.05,1.13
2011.01.27 17:01:36.936,2.0607,2.06174,1.13,1.13
2011.01.27 17:01:39.027,2.06065,2.06172,1.05,1.13
2011.01.27 17:01:52.355,2.06065,2.06168,1.05,1.13
2011.01.27 17:01:56.501,2.06068,2.0617,1.13,1.13
2011.01.27 17:01:56.866,2.06072,2.0617,1.05,1.13
2011.01.27 17:01:56.980,2.0607,2.0617,1.50,1.13
2011.01.27 17:01:57.315,2.06073,2.0617,1.05,1.13
2011.01.27 17:01:58.173,2.06079,2.06172,1.13,1.13
2011.01.27 17:02:00.415,2.0608,2.06181,1.13,1.13
2011.01.27 17:02:02.711,2.06081,2.06183,1.13,1.13
2011.01.27 17:02:03.288,2.06073,2.06165,1.05,1.13
2011.01.27 17:02:04.032,2.06079,2.06165,1.05,1.13
2011.01.27 17:02:04.150,2.06075,2.06165,1.05,1.13
2011.01.27 17:02:04.256,2.06079,2.06165,1.05,1.13
2011.01.27 17:02:04.516,2.06074,2.06165,2.10,1.13
2011.01.27 17:02:05.182,2.06071,2.06165,1.05,1.13
2011.01.27 17:02:05.626,2.06079,2.06169,1.13,1.13
2011.01.27 17:02:06.186,2.06076,2.06162,1.13,1.13
2011.01.27 17:02:06.301,2.06079,2.06172,1.13,1.13
2011.01.27 17:02:06.419,2.06078,2.0617,1.13,1.13
2011.01.27 17:02:07.580,2.0608,2.06172,1.13,1.13
2011.01.27 17:02:08.142,2.06079,2.06172,1.13,1.13
2011.01.27 17:02:09.518,2.06083,2.06192,1.13,1.13
2011.01.27 17:02:09.630,2.06086,2.06192,1.05,1.13
2011.01.27 17:02:10.942,2.0608,2.06184,1.13,1.13
2011.01.27 17:02:11.386,2.06082,2.06184,1.05,1.13
2011.01.27 17:02:11.990,2.06086,2.06184,1.05,1.13
2011.01.27 17:02:12.100,2.0608,2.06184,1.13,1.13
2011.01.27 17:02:13.366,2.06081,2.06183,1.13,1.13
2011.01.27 17:02:14.092,2.06091,2.06186,1.13,1.13
2011.01.27 17:02:14.211,2.06092,2.06193,1.13,1.13
2011.01.27 17:02:14.657,2.06094,2.06196,1.13,1.13
2011.01.27 17:02:15.403,2.06093,2.06197,1.13,1.13
2011.01.27 17:02:15.958,2.06105,2.06198,1.13,1.13
2011.01.27 17:02:16.455,2.06084,2.06194,1.24,1.13
2011.01.27 17:02:16.571,2.06091,2.06186,1.13,1.13
2011.01.27 17:02:16.907,2.06101,2.06191,1.13,1.13
2011.01.27 17:02:17.635,2.06089,2.06173,1.05,1.13
2011.01.27 17:02:17.753,2.06091,2.06186,1.13,1.13
2011.01.27 17:02:23.340,2.06094,2.06196,1.13,1.13
2011.01.27 17:02:27.957,2.06092,2.06185,1.13,1.13
2011.01.27 17:02:36.269,2.06077,2.06171,1.05,1.13
2011.01.27 17:02:36.849,2.06077,2.06174,1.05,1.13
2011.01.27 17:02:36.963,2.06061,2.06161,1.05,1.13
2011.01.27 17:02:37.299,2.06057,2.06161,1.13,1.13
2011.01.27 17:02:38.473,2.06046,2.06148,1.05,1.13
2011.01.27 17:02:38.815,2.06055,2.0615,1.13,1.13
2011.01.27 17:02:39.646,2.06062,2.0615,1.13,1.13
2011.01.27 17:02:39.757,2.06056,2.06149,1.13,1.13
2011.01.27 17:02:41.902,2.06062,2.0615,1.13,1.13
2011.01.27 17:02:42.735,2.06056,2.06149,1.13,1.13
2011.01.27 17:02:42.958,2.06062,2.0615,1.13,1.13
2011.01.27 17:02:43.177,2.06055,2.0615,1.13,1.13
2011.01.27 17:02:47.898,2.06061,2.06151,1.13,1.13
2011.01.27 17:02:51.587,2.06061,2.06151,2.07,1.13
2011.01.27 17:02:52.281,2.06084,2.06151,1.05,1.13
2011.01.27 17:02:52.645,2.06118,2.06164,1.13,1.13
2011.01.27 17:02:53.359,2.06114,2.06157,1.13,1.13
2011.01.27 17:02:53.469,2.06118,2.06164,1.13,1.13
2011.01.27 17:02:57.054,2.0614,2.06182,1.13,1.13
2011.01.27 17:02:57.674,2.06127,2.06188,1.13,1.13
2011.01.27 17:02:57.781,2.06143,2.06191,1.13,1.13
2011.01.27 17:02:59.426,2.06152,2.06196,1.13,1.13
2011.01.27 17:03:00.792,2.06157,2.06203,1.13,1.13
2011.01.27 17:03:01.366,2.06157,2.06203,1.32,1.13
2011.01.27 17:03:01.476,2.06159,2.06214,1.13,1.13
2011.01.27 17:03:07.285,2.06178,2.06222,1.13,1.13
2011.01.27 17:03:08.420,2.06159,2.06214,1.13,1.13
2011.01.27 17:03:08.827,2.06157,2.06214,1.13,1.13
2011.01.27 17:03:09.470,2.06158,2.06215,1.13,1.13
2011.01.27 17:03:16.140,2.0617,2.06216,1.13,1.13
2011.01.27 17:03:19.040,2.06179,2.06221,1.13,1.13
2011.01.27 17:03:19.147,2.0617,2.06216,1.13,1.13
2011.01.27 17:03:19.758,2.06159,2.06214,1.13,1.13
2011.01.27 17:03:21.070,2.06139,2.06183,1.13,1.13
2011.01.27 17:03:21.288,2.06133,2.06188,1.13,1.13
2011.01.27 17:03:21.799,2.06145,2.06202,1.13,1.13
2011.01.27 17:03:26.279,2.06146,2.06201,1.13,1.13
2011.01.27 17:03:26.497,2.06135,2.06199,1.13,1.13
2011.01.27 17:03:27.417,2.06133,2.06188,1.13,1.13
2011.01.27 17:03:27.528,2.06121,2.06187,1.32,1.13
2011.01.27 17:03:28.461,2.06124,2.06197,1.13,1.13
2011.01.27 17:03:30.092,2.06135,2.06199,1.13,1.13
2011.01.27 17:03:30.428,2.06145,2.06202,1.13,1.13
2011.01.27 17:03:33.677,2.06147,2.06213,1.13,1.13
2011.01.27 17:03:36.820,2.06148,2.06213,1.13,1.13
2011.01.27 17:03:42.448,2.0617,2.06216,1.13,1.13
2011.01.27 17:03:46.071,2.06174,2.06217,1.13,1.13
2011.01.27 17:03:46.182,2.0617,2.06216,1.13,1.13
2011.01.27 17:03:56.298,2.06153,2.06209,1.13,1.13
2011.01.27 17:03:57.227,2.06123,2.06201,1.05,1.32
2011.01.27 17:03:57.808,2.06108,2.06201,1.13,1.13
2011.01.27 17:04:06.692,2.06103,2.06179,1.13,1.13
2011.01.27 17:04:11.231,2.06107,2.06202,1.13,1.13
2011.01.27 17:04:24.870,2.06099,2.062,1.05,1.13
2011.01.27 17:04:25.086,2.06107,2.06202,1.13,1.13
2011.01.27 17:04:27.377,2.06092,2.06198,1.05,1.13
2011.01.27 17:04:31.226,2.06092,2.06197,1.05,1.13
2011.01.27 17:04:32.040,2.06086,2.06197,1.13,1.13
2011.01.27 17:04:32.147,2.06082,2.06174,1.13,1.13
2011.01.27 17:04:34.787,2.06079,2.0617,1.05,1.13
2011.01.27 17:04:35.006,2.06081,2.06175,1.13,1.13
2011.01.27 17:04:36.946,2.06092,2.06177,1.13,1.13
2011.01.27 17:04:39.671,2.06097,2.06199,1.13,1.13
2011.01.27 17:04:42.341,2.06097,2.06199,1.28,1.13
2011.01.27 17:04:43.106,2.06097,2.06199,1.13,1.13
2011.01.27 17:04:43.222,2.06108,2.06201,1.13,1.13
2011.01.27 17:04:43.340,2.06097,2.06199,1.13,1.13
2011.01.27 17:05:09.758,2.06108,2.06201,1.13,1.13
2011.01.27 17:05:11.167,2.06108,2.06201,1.13,1.32
2011.01.27 17:05:11.865,2.061,2.06155,1.13,1.13
2011.01.27 17:05:17.787,2.06088,2.06154,1.13,1.13
2011.01.27 17:05:22.448,2.06077,2.06152,1.13,1.13
2011.01.27 17:05:25.611,2.06064,2.06147,1.05,1.13
2011.01.27 17:05:25.728,2.0606,2.06147,2.29,1.13
2011.01.27 17:05:26.057,2.06078,2.06151,1.13,1.13
2011.01.27 17:05:26.751,2.06089,2.06153,1.13,1.13
2011.01.27 17:05:27.648,2.06077,2.06152,1.13,1.13
2011.01.27 17:05:29.732,2.06089,2.06153,1.13,1.13
2011.01.27 17:05:30.068,2.06078,2.06151,1.32,1.13
2011.01.27 17:05:30.178,2.06088,2.06154,1.13,1.13
2011.01.27 17:05:31.933,2.06078,2.06151,1.32,1.13
2011.01.27 17:05:32.378,2.06089,2.06153,1.13,1.13
2011.01.27 17:05:39.828,2.06062,2.06127,1.13,1.13
2011.01.27 17:05:41.928,2.06072,2.0613,1.13,1.13
2011.01.27 17:05:51.352,2.06037,2.06121,1.09,1.13
2011.01.27 17:05:51.468,2.06033,2.06121,1.05,1.32
2011.01.27 17:05:52.051,2.0605,2.06125,1.13,1.13
2011.01.27 17:05:57.978,2.06073,2.06142,1.13,1.13
2011.01.27 17:05:59.456,2.06051,2.06137,1.13,1.32
2011.01.27 17:06:07.371,2.06051,2.06137,1.13,2.07
2011.01.27 17:06:07.487,2.06024,2.06128,1.05,1.32
2011.01.27 17:06:08.175,2.06029,2.06133,1.13,2.07
2011.01.27 17:06:08.292,2.06029,2.06133,1.13,1.32
2011.01.27 17:06:09.653,2.06029,2.06133,1.13,1.28
2011.01.27 17:06:11.506,2.06029,2.06133,1.13,1.28
2011.01.27 17:06:12.158,2.06029,2.06133,1.13,1.13
2011.01.27 17:06:20.390,2.06027,2.06125,1.13,1.13
2011.01.27 17:06:22.001,2.06028,2.06121,1.13,1.13
2011.01.27 17:06:34.318,2.06023,2.06113,1.13,1.13
2011.01.27 17:06:35.174,2.06015,2.06108,1.13,1.13
2011.01.27 17:06:35.398,2.06023,2.06113,1.13,1.32
2011.01.27 17:06:35.960,2.06011,2.061,1.13,1.13
2011.01.27 17:06:36.652,2.06008,2.06106,1.13,1.13
2011.01.27 17:06:38.451,2.06002,2.06102,2.18,1.32
2011.01.27 17:06:38.787,2.06002,2.06102,1.13,1.13
2011.01.27 17:06:39.118,2.05994,2.06083,1.13,1.13
2011.01.27 17:06:39.227,2.06003,2.06101,1.13,1.32
2011.01.27 17:06:39.733,2.06003,2.06101,1.13,1.13
2011.01.27 17:06:41.940,2.06002,2.06102,1.13,1.13
2011.01.27 17:06:42.848,2.06001,2.0609,1.13,1.13
2011.01.27 17:06:45.309,2.06046,2.06098,1.13,1.13
2011.01.27 17:06:46.919,2.06054,2.06105,1.13,1.13
2011.01.27 17:06:47.947,2.0606,2.06111,1.13,1.13
2011.01.27 17:06:48.531,2.06056,2.06122,1.13,1.13
2011.01.27 17:06:48.892,2.06054,2.06111,1.13,1.13
2011.01.27 17:06:51.637,2.0605,2.06103,1.13,1.13
2011.01.27 17:06:53.278,2.06054,2.06105,1.13,1.13
2011.01.27 17:06:54.989,2.06051,2.06102,1.13,1.13
2011.01.27 17:06:58.969,2.06057,2.06121,1.13,1.13
2011.01.27 17:07:00.128,2.06062,2.06123,1.13,1.13
2011.01.27 17:07:00.717,2.0606,2.06111,1.13,1.13
2011.01.27 17:07:00.940,2.06055,2.0611,1.13,1.13
2011.01.27 17:07:01.630,2.06064,2.06115,1.13,1.13
2011.01.27 17:07:03.426,2.06077,2.06128,1.13,1.13
2011.01.27 17:07:03.646,2.06057,2.06121,1.13,1.13
2011.01.27 17:07:07.966,2.06068,2.06123,1.13,1.13
2011.01.27 17:07:09.041,2.06056,2.06122,1.13,1.13
2011.01.27 17:07:09.267,2.06068,2.06123,1.13,1.13
2011.01.27 17:07:13.390,2.06067,2.06124,1.13,1.13
2011.01.27 17:07:16.107,2.06066,2.06119,1.13,1.13
2011.01.27 17:07:16.430,2.06068,2.06123,1.13,1.13
2011.01.27 17:07:22.243,2.06057,2.06121,1.13,1.13
2011.01.27 17:07:26.639,2.0607,2.06134,1.13,1.13
2011.01.27 17:07:39.876,2.06068,2.06123,1.13,1.13
2011.01.27 17:07:41.840,2.0607,2.06124,1.13,1.13
2011.01.27 17:07:41.947,2.0607,2.06134,1.13,1.13
2011.01.27 17:07:44.487,2.06068,2.06123,1.13,1.13
2011.01.27 17:07:49.219,2.06064,2.06122,1.13,1.13
2011.01.27 17:07:52.768,2.06054,2.06119,1.13,1.13
2011.01.27 17:07:58.080,2.06065,2.06121,1.13,1.13
2011.01.27 17:07:59.977,2.0604,2.06113,2.07,1.13
2011.01.27 17:08:00.209,2.06053,2.0612,1.13,1.13
2011.01.27 17:08:00.316,2.06052,2.06108,1.13,1.13
2011.01.27 17:08:00.537,2.06052,2.06113,1.13,1.13
2011.01.27 17:08:02.300,2.06053,2.06112,1.13,1.13
2011.01.27 17:08:03.168,2.06053,2.06112,1.32,1.13
2011.01.27 17:08:03.725,2.06054,2.06119,1.32,1.13
2011.01.27 17:08:04.770,2.06053,2.0612,1.13,1.13
2011.01.27 17:08:09.130,2.06052,2.06111,1.32,1.13
2011.01.27 17:08:10.777,2.06049,2.061,1.32,1.13
2011.01.27 17:08:11.257,2.06053,2.06112,1.13,1.13
2011.01.27 17:08:14.323,2.06048,2.06101,2.07,1.13
2011.01.27 17:08:14.439,2.06074,2.06127,1.13,1.13
2011.01.27 17:08:14.549,2.06065,2.06125,1.32,1.13
2011.01.27 17:08:17.437,2.06082,2.06132,1.13,1.13
2011.01.27 17:08:19.259,2.06085,2.0614,1.13,1.13
2011.01.27 17:08:23.952,2.06068,2.06132,1.13,1.13
2011.01.27 17:08:24.928,2.06043,2.06121,1.13,1.13
2011.01.27 17:08:25.042,2.06044,2.06129,1.13,1.13
2011.01.27 17:08:31.962,2.06043,2.06117,1.13,1.13
2011.01.27 17:08:41.267,2.06039,2.0611,1.13,1.13
2011.01.27 17:08:41.508,2.06029,2.06105,1.13,1.13
2011.01.27 17:08:42.516,2.06031,2.06117,1.13,1.13
2011.01.27 17:08:42.989,2.06026,2.06114,1.24,1.13
2011.01.27 17:08:43.098,2.06026,2.06114,1.05,1.13
2011.01.27 17:08:43.208,2.06026,2.06092,1.05,1.13
2011.01.27 17:08:43.317,2.06017,2.06092,1.20,1.13
2011.01.27 17:08:43.916,2.06019,2.06103,1.13,1.13
2011.01.27 17:08:44.027,2.0602,2.06115,1.13,1.13
2011.01.27 17:08:44.737,2.06025,2.06115,1.05,1.13
2011.01.27 17:08:45.278,2.06021,2.06115,1.13,1.13
2011.01.27 17:08:46.190,2.0602,2.06115,1.13,1.13
2011.01.27 17:08:49.549,2.0602,2.06115,1.32,1.13
2011.01.27 17:08:50.167,2.06042,2.06118,1.13,1.13
2011.01.27 17:08:52.873,2.0601,2.06087,1.05,1.13
2011.01.27 17:08:52.988,2.06006,2.06087,1.05,1.13
2011.01.27 17:08:53.787,2.05994,2.06087,1.32,1.13
2011.01.27 17:08:57.321,2.05989,2.06065,1.13,1.13
2011.01.27 17:09:02.457,2.05978,2.06063,1.13,1.13
2011.01.27 17:09:03.369,2.0598,2.06063,1.13,1.13
2011.01.27 17:09:03.697,2.05994,2.06065,1.13,1.13
2011.01.27 17:09:03.916,2.0599,2.06064,1.13,1.13
2011.01.27 17:09:04.897,2.05966,2.06061,1.13,1.13
2011.01.27 17:09:07.123,2.0599,2.06064,1.13,1.13
2011.01.27 17:09:09.702,2.05998,2.0607,1.13,1.13
2011.01.27 17:09:12.936,2.05989,2.06065,1.13,1.13
2011.01.27 17:09:15.571,2.05992,2.06075,1.13,1.13
2011.01.27 17:09:18.092,2.05965,2.06048,1.13,1.13
2011.01.27 17:09:19.258,2.05966,2.06048,1.05,1.13
2011.01.27 17:09:19.588,2.05971,2.06051,1.13,1.13
2011.01.27 17:09:21.877,2.05975,2.06051,1.13,1.13
2011.01.27 17:09:23.494,2.05985,2.06056,1.13,1.13
2011.01.27 17:09:23.716,2.05989,2.06063,1.13,1.13
2011.01.27 17:09:24.720,2.0599,2.0607,1.13,1.13
2011.01.27 17:09:25.757,2.05991,2.06074,1.13,1.13
2011.01.27 17:09:26.547,2.0599,2.0607,1.13,1.13
2011.01.27 17:09:26.661,2.0599,2.06075,1.13,1.13
2011.01.27 17:09:27.798,2.05989,2.06071,1.13,1.13
2011.01.27 17:09:27.910,2.0599,2.06075,1.13,1.13
2011.01.27 17:09:29.040,2.05986,2.06055,1.13,1.13
2011.01.27 17:09:30.808,2.05989,2.06063,1.13,1.13
2011.01.27 17:09:31.027,2.0599,2.06075,1.13,1.13
2011.01.27 17:09:31.907,2.05989,2.06071,1.13,1.13
2011.01.27 17:09:32.418,2.05988,2.06064,1.13,1.13
2011.01.27 17:09:32.988,2.05993,2.06086,1.13,1.32
2011.01.27 17:09:33.524,2.05993,2.06086,1.13,1.13
2011.01.27 17:09:35.656,2.05984,2.06079,1.39,1.13
2011.01.27 17:09:47.134,2.05984,2.06079,1.13,1.13
2011.01.27 17:09:53.639,2.05978,2.06072,1.05,1.13
2011.01.27 17:10:00.942,2.05978,2.06066,1.05,1.13
2011.01.27 17:10:01.062,2.05975,2.06066,1.05,1.13
2011.01.27 17:10:02.097,2.05978,2.06066,1.05,1.13
2011.01.27 17:10:02.588,2.05983,2.06066,1.05,1.13
2011.01.27 17:10:02.700,2.05979,2.06066,1.05,1.13
2011.01.27 17:10:04.399,2.05976,2.06066,1.05,1.13
2011.01.27 17:10:08.654,2.05978,2.06068,1.13,1.13
2011.01.27 17:10:09.812,2.05979,2.06065,1.05,1.13
2011.01.27 17:10:09.932,2.05979,2.06067,2.18,1.13
2011.01.27 17:10:10.050,2.05981,2.06071,1.13,1.13
2011.01.27 17:10:10.271,2.05979,2.06048,1.05,1.13
2011.01.27 17:10:10.960,2.05977,2.06048,1.13,1.13
2011.01.27 17:10:12.008,2.05977,2.06048,1.28,1.13
2011.01.27 17:10:12.760,2.05981,2.06055,1.13,1.13
2011.01.27 17:10:13.417,2.05982,2.06065,1.13,1.13
2011.01.27 17:10:14.820,2.05983,2.06066,1.13,1.13
2011.01.27 17:10:14.927,2.0598,2.06063,1.05,1.13
2011.01.27 17:10:15.037,2.05973,2.06063,1.05,1.13
2011.01.27 17:10:15.148,2.05965,2.06063,1.05,1.13
2011.01.27 17:10:15.743,2.05965,2.06061,1.20,1.13
2011.01.27 17:10:17.101,2.05965,2.06061,1.20,1.13
2011.01.27 17:10:18.578,2.05965,2.06061,1.13,1.13
2011.01.27 17:10:19.403,2.05965,2.06061,1.20,1.13
2011.01.27 17:10:19.849,2.0598,2.06056,1.32,1.13
2011.01.27 17:10:20.353,2.05984,2.06079,1.13,1.13
2011.01.27 17:10:20.937,2.05983,2.06078,1.13,1.13
2011.01.27 17:10:23.578,2.05979,2.06056,1.05,1.13
2011.01.27 17:10:24.432,2.05978,2.06056,1.13,1.13
2011.01.27 17:10:29.668,2.05981,2.06055,1.13,1.13
2011.01.27 17:10:35.607,2.05978,2.06056,1.20,1.13
2011.01.27 17:10:37.437,2.05974,2.06046,1.20,1.13
2011.01.27 17:10:39.217,2.05977,2.06048,1.20,1.13
2011.01.27 17:10:42.436,2.05977,2.06048,1.47,1.13
2011.01.27 17:10:42.548,2.05991,2.0606,1.13,1.13
2011.01.27 17:10:43.148,2.05975,2.06045,1.13,1.13
2011.01.27 17:10:43.368,2.05969,2.06042,1.05,1.13
2011.01.27 17:10:44.257,2.05965,2.06049,1.20,1.13
2011.01.27 17:10:45.499,2.05965,2.06041,1.05,1.13
2011.01.27 17:10:46.008,2.05965,2.06052,1.05,1.13
2011.01.27 17:10:46.122,2.05963,2.06051,1.05,1.13
2011.01.27 17:10:46.949,2.05964,2.06051,1.05,1.13
2011.01.27 17:10:47.067,2.05958,2.0605,1.05,1.13
2011.01.27 17:10:47.177,2.05954,2.0605,1.05,1.13
2011.01.27 17:10:47.541,2.05954,2.06052,1.05,1.13
2011.01.27 17:10:48.112,2.05962,2.06052,1.05,1.13
2011.01.27 17:10:48.637,2.05963,2.06052,1.05,1.13
2011.01.27 17:10:48.748,2.05968,2.06058,1.13,1.13
2011.01.27 17:10:48.857,2.05967,2.06051,1.05,1.13
2011.01.27 17:10:49.350,2.05964,2.06051,1.05,1.13
2011.01.27 17:10:49.461,2.05964,2.06053,1.05,1.13
2011.01.27 17:10:51.057,2.05963,2.06053,1.05,1.13
2011.01.27 17:10:52.218,2.05954,2.0603,1.20,1.13
2011.01.27 17:10:52.857,2.05954,2.0603,1.13,1.13
2011.01.27 17:11:00.438,2.05938,2.0602,2.97,1.13
2011.01.27 17:11:00.553,2.05928,2.0602,1.05,1.13
2011.01.27 17:11:01.176,2.05928,2.06021,1.13,1.13
2011.01.27 17:11:02.916,2.05928,2.06019,1.20,1.13
2011.01.27 17:11:04.699,2.0592,2.06008,1.05,1.13
2011.01.27 17:11:05.963,2.05919,2.06008,1.13,1.13
2011.01.27 17:11:09.059,2.05921,2.06012,1.05,1.13
2011.01.27 17:11:09.571,2.05921,2.06012,1.35,1.13
2011.01.27 17:11:10.220,2.05921,2.06012,1.05,1.13
2011.01.27 17:11:10.334,2.0592,2.06005,1.05,1.13
2011.01.27 17:11:10.448,2.05923,2.06012,1.05,1.13
2011.01.27 17:11:10.558,2.0592,2.06012,2.18,1.13
2011.01.27 17:11:14.562,2.05921,2.06012,1.05,1.13
2011.01.27 17:11:18.548,2.0592,2.06012,1.13,1.13
2011.01.27 17:11:24.322,2.05921,2.06012,1.05,1.13
2011.01.27 17:11:26.152,2.0592,2.06012,1.13,1.13
2011.01.27 17:11:27.269,2.05921,2.06012,1.05,1.13
2011.01.27 17:11:30.007,2.05921,2.06012,1.20,1.13
2011.01.27 17:11:33.882,2.05921,2.06012,1.20,1.13
2011.01.27 17:11:34.698,2.05921,2.06012,1.05,1.13
2011.01.27 17:11:35.432,2.0592,2.06012,1.13,1.13
2011.01.27 17:11:43.858,2.0592,2.06012,2.33,1.13
2011.01.27 17:11:46.152,2.0592,2.06012,1.13,1.13
2011.01.27 17:11:48.550,2.05921,2.06012,1.05,1.13
2011.01.27 17:11:49.777,2.05921,2.06012,1.20,1.13
2011.01.27 17:11:49.997,2.05918,2.06009,2.33,1.13
2011.01.27 17:11:50.864,2.0592,2.06009,1.05,1.13
2011.01.27 17:11:53.350,2.0592,2.06012,2.18,1.13
2011.01.27 17:11:55.905,2.0592,2.06012,2.48,1.13
2011.01.27 17:11:56.491,2.0592,2.06012,2.18,1.13
2011.01.27 17:11:56.737,2.0592,2.06003,1.05,1.13
2011.01.27 17:11:57.639,2.0592,2.06012,2.18,1.13
2011.01.27 17:12:13.675,2.0592,2.0601,1.05,1.13
2011.01.27 17:12:13.791,2.0592,2.06012,2.18,1.13
2011.01.27 17:12:14.453,2.0592,2.06011,1.05,1.13
2011.01.27 17:12:15.338,2.0592,2.06012,2.18,1.13
2011.01.27 17:12:19.549,2.0592,2.06011,1.05,1.13
2011.01.27 17:12:21.250,2.05912,2.06011,1.35,1.13
2011.01.27 17:12:26.501,2.05908,2.05999,1.20,1.13
2011.01.27 17:12:30.350,2.05897,2.05985,1.47,1.13
2011.01.27 17:12:30.929,2.05909,2.06,1.05,1.13
2011.01.27 17:12:31.037,2.05911,2.06,1.05,1.13
2011.01.27 17:12:31.257,2.05909,2.06011,1.05,1.13
2011.01.27 17:12:31.368,2.05913,2.06011,1.05,1.13
2011.01.27 17:12:32.678,2.0592,2.06011,1.05,1.13
2011.01.27 17:12:33.855,2.0592,2.06012,2.18,1.13
2011.01.27 17:12:35.468,2.0592,2.0601,1.05,1.13
2011.01.27 17:12:35.977,2.0592,2.06013,1.05,1.13
2011.01.27 17:12:38.124,2.0592,2.06011,1.05,1.13
2011.01.27 17:12:42.678,2.0592,2.0601,1.05,1.13
2011.01.27 17:12:46.419,2.0592,2.05988,1.05,1.13
2011.01.27 17:12:46.528,2.05909,2.05988,1.05,1.13
2011.01.27 17:12:53.278,2.05898,2.0597,1.13,1.13
2011.01.27 17:12:53.609,2.05891,2.0595,1.05,1.13
2011.01.27 17:12:53.717,2.05888,2.0595,1.13,1.13
2011.01.27 17:13:02.280,2.05888,2.0595,2.07,1.13
2011.01.27 17:13:02.387,2.05893,2.05968,1.32,1.13
2011.01.27 17:13:02.498,2.05893,2.05957,1.32,1.13
2011.01.27 17:13:02.827,2.05893,2.05968,1.32,1.13
2011.01.27 17:13:03.937,2.05905,2.05969,1.13,1.13
2011.01.27 17:13:05.197,2.05894,2.05967,1.32,1.13
2011.01.27 17:13:07.891,2.05894,2.05967,1.32,1.13
2011.01.27 17:13:11.002,2.05891,2.05955,1.32,1.13
2011.01.27 17:13:11.582,2.05891,2.05955,1.32,1.13
2011.01.27 17:13:12.576,2.05891,2.05955,1.13,1.13
2011.01.27 17:13:12.689,2.05879,2.05941,1.32,1.13
2011.01.27 17:13:13.018,2.05891,2.05955,1.32,1.13
2011.01.27 17:13:13.129,2.05905,2.05997,2.07,1.28
2011.01.27 17:13:13.239,2.05905,2.05997,2.07,1.13
2011.01.27 17:13:14.089,2.05905,2.05997,1.13,1.13
2011.01.27 17:13:15.878,2.05906,2.06,1.13,1.13
2011.01.27 17:13:16.621,2.05907,2.06,1.05,1.13
2011.01.27 17:13:16.734,2.05908,2.0601,1.05,1.13
2011.01.27 17:13:17.323,2.05909,2.0601,1.13,1.13
2011.01.27 17:13:18.080,2.05913,2.0601,1.20,1.13
2011.01.27 17:13:22.977,2.05913,2.06012,1.20,1.13
2011.01.27 17:13:24.048,2.05913,2.0601,1.20,1.13
2011.01.27 17:13:25.906,2.05913,2.06011,1.20,1.13
2011.01.27 17:13:26.539,2.05921,2.06011,1.05,1.13
2011.01.27 17:13:26.889,2.05911,2.06011,1.35,1.13
2011.01.27 17:13:26.998,2.05911,2.06011,1.05,1.13
2011.01.27 17:13:27.217,2.05911,2.05999,1.05,1.13
2011.01.27 17:13:27.808,2.05908,2.05999,1.05,1.13
2011.01.27 17:13:33.896,2.05911,2.05999,1.05,1.13
2011.01.27 17:13:34.338,2.05907,2.05999,2.18,1.13
2011.01.27 17:13:41.019,2.05907,2.06,1.05,1.13
2011.01.27 17:13:41.728,2.05907,2.05986,1.05,1.13
2011.01.27 17:13:41.837,2.05896,2.05986,1.13,1.13
2011.01.27 17:13:42.167,2.05889,2.05974,1.05,1.13
2011.01.27 17:13:42.704,2.05889,2.05975,1.05,1.13
2011.01.27 17:13:50.157,2.05889,2.05967,1.05,1.13
2011.01.27 17:13:50.267,2.05881,2.05967,1.05,1.13
2011.01.27 17:13:51.059,2.05878,2.05967,1.28,1.13
2011.01.27 17:13:51.169,2.05894,2.05986,1.05,1.13
2011.01.27 17:13:51.276,2.05894,2.05996,1.05,1.13
2011.01.27 17:13:51.607,2.05898,2.05996,1.05,1.13
2011.01.27 17:13:51.938,2.05898,2.05968,1.05,1.13
2011.01.27 17:13:52.047,2.05896,2.05968,1.05,1.13
2011.01.27 17:13:52.157,2.05882,2.05968,1.05,1.13
2011.01.27 17:13:52.655,2.05898,2.05968,1.05,1.13
2011.01.27 17:13:52.769,2.05898,2.05996,1.05,1.13
2011.01.27 17:13:53.516,2.05893,2.05996,1.05,1.13
2011.01.27 17:13:53.627,2.05882,2.05967,1.24,1.13
2011.01.27 17:13:53.737,2.05891,2.05996,1.05,1.13
2011.01.27 17:13:53.847,2.05897,2.05996,1.05,1.13
2011.01.27 17:13:55.506,2.05893,2.05975,1.05,1.13
2011.01.27 17:13:55.621,2.05888,2.05975,1.05,1.13
2011.01.27 17:13:57.813,2.05888,2.05974,1.05,1.13
2011.01.27 17:13:58.626,2.05889,2.05974,1.05,1.13
2011.01.27 17:14:05.428,2.05884,2.05973,1.05,1.13
2011.01.27 17:14:05.537,2.05882,2.05973,1.05,1.13
2011.01.27 17:14:12.131,2.0589,2.05978,1.13,1.13
2011.01.27 17:14:12.682,2.05884,2.05974,1.13,1.13
2011.01.27 17:14:16.953,2.05882,2.05972,1.05,1.13
2011.01.27 17:14:17.783,2.05882,2.05973,1.05,1.13
2011.01.27 17:14:18.119,2.05875,2.05961,1.05,1.13
2011.01.27 17:14:18.699,2.05875,2.05973,1.05,1.13
2011.01.27 17:14:18.811,2.05882,2.05973,1.05,1.13
2011.01.27 17:14:22.171,2.05882,2.05916,1.05,1.13
2011.01.27 17:14:22.277,2.05844,2.05916,1.99,1.13
2011.01.27 17:14:22.388,2.05844,2.05916,1.05,1.13
2011.01.27 17:14:24.387,2.05844,2.05915,1.05,1.13
2011.01.27 17:14:24.966,2.05851,2.05916,1.13,1.13
2011.01.27 17:14:25.937,2.05845,2.05914,1.05,1.13
2011.01.27 17:14:26.267,2.05845,2.05914,1.99,1.13
2011.01.27 17:14:28.151,2.05841,2.05912,1.99,1.13
2011.01.27 17:14:28.258,2.0584,2.05912,1.32,1.13
2011.01.27 17:14:28.776,2.05833,2.05895,2.07,1.13
2011.01.27 17:14:29.558,2.05838,2.05895,1.09,1.13
2011.01.27 17:14:29.667,2.05838,2.05903,2.22,1.13
2011.01.27 17:14:33.094,2.05838,2.05903,2.22,1.13
2011.01.27 17:14:33.427,2.05847,2.05907,2.07,1.13
2011.01.27 17:14:33.864,2.05847,2.05907,2.07,1.13
2011.01.27 17:14:34.659,2.05852,2.05919,2.07,1.13
2011.01.27 17:14:34.768,2.05852,2.05919,2.07,1.13
2011.01.27 17:14:34.988,2.05842,2.05916,2.07,1.13
2011.01.27 17:14:35.959,2.0584,2.05905,1.13,2.07
2011.01.27 17:14:36.073,2.058,2.05866,2.44,1.13
2011.01.27 17:14:36.190,2.05799,2.05866,2.07,1.13
2011.01.27 17:14:36.410,2.05827,2.05892,2.07,1.13
2011.01.27 17:14:37.308,2.05828,2.05904,2.07,1.13
2011.01.27 17:14:37.530,2.05849,2.0591,1.32,1.13
2011.01.27 17:14:37.639,2.05849,2.0591,1.13,1.13
2011.01.27 17:14:37.749,2.0583,2.05901,1.24,1.13
2011.01.27 17:14:38.312,2.05825,2.05901,1.13,2.07
2011.01.27 17:14:38.431,2.05807,2.05869,1.13,1.13
2011.01.27 17:14:39.208,2.05795,2.05855,1.32,1.13
2011.01.27 17:14:40.562,2.05794,2.05856,1.32,1.13
2011.01.27 17:14:40.682,2.05799,2.05863,1.32,1.13
2011.01.27 17:14:41.020,2.05799,2.05863,1.13,1.13
2011.01.27 17:14:41.608,2.05786,2.05846,1.13,1.13
2011.01.27 17:14:41.723,2.05791,2.05854,1.13,1.13
2011.01.27 17:14:41.838,2.05786,2.0585,1.13,1.13
2011.01.27 17:14:42.197,2.05786,2.0585,1.32,1.13
2011.01.27 17:14:42.419,2.05787,2.05862,1.32,1.13
2011.01.27 17:14:43.329,2.05798,2.05864,1.13,1.13
2011.01.27 17:14:43.937,2.05795,2.05864,1.13,1.13
2011.01.27 17:14:44.593,2.05791,2.05854,1.13,1.13
2011.01.27 17:14:45.807,2.05785,2.05851,1.13,1.13
2011.01.27 17:14:45.921,2.05785,2.05851,1.28,1.13
2011.01.27 17:14:46.342,2.0578,2.05856,2.67,1.13
2011.01.27 17:14:46.951,2.0578,2.05849,1.05,1.13
2011.01.27 17:14:47.058,2.0578,2.05842,1.05,1.13
2011.01.27 17:14:47.497,2.05768,2.05842,1.32,1.13
2011.01.27 17:14:47.718,2.05787,2.05862,2.07,1.13
2011.01.27 17:14:48.331,2.05774,2.05849,1.32,1.13
2011.01.27 17:14:48.613,2.05774,2.05849,1.32,1.13
2011.01.27 17:14:50.798,2.05781,2.05855,1.13,1.13
2011.01.27 17:14:52.539,2.05781,2.05855,1.32,1.13
2011.01.27 17:14:57.281,2.05794,2.05868,1.32,1.13
2011.01.27 17:14:57.620,2.05781,2.05855,2.07,1.13
2011.01.27 17:14:59.167,2.05781,2.05855,1.32,1.13
2011.01.27 17:15:00.189,2.05781,2.05855,2.07,1.13
2011.01.27 17:15:00.744,2.05794,2.05868,1.32,1.13
2011.01.27 17:15:00.861,2.05794,2.05868,2.07,1.13
2011.01.27 17:15:00.969,2.05787,2.05863,2.07,1.13
2011.01.27 17:15:02.738,2.05788,2.05864,2.07,1.13
2011.01.27 17:15:02.847,2.0578,2.0585,1.99,1.13
2011.01.27 17:15:03.459,2.05775,2.05848,2.07,1.13
2011.01.27 17:15:03.677,2.05775,2.05848,1.32,1.13
2011.01.27 17:15:04.300,2.05768,2.05842,1.47,1.13
2011.01.27 17:15:04.680,2.05766,2.05835,1.24,1.13
2011.01.27 17:15:05.350,2.05769,2.05842,1.99,1.13
2011.01.27 17:15:07.486,2.05774,2.05849,1.32,1.13
2011.01.27 17:15:07.928,2.0577,2.05842,1.99,1.13
2011.01.27 17:15:08.511,2.05781,2.05856,2.07,1.13
2011.01.27 17:15:08.617,2.05787,2.0586,1.32,1.13
2011.01.27 17:15:08.728,2.05787,2.0586,1.32,1.13
2011.01.27 17:15:09.337,2.05787,2.0586,2.07,1.13
2011.01.27 17:15:09.704,2.05781,2.05855,1.99,1.13
2011.01.27 17:15:09.928,2.0578,2.05855,1.99,1.13
2011.01.27 17:15:10.635,2.05787,2.05863,2.07,1.13
2011.01.27 17:15:11.447,2.05791,2.05864,1.32,1.13
2011.01.27 17:15:11.669,2.05792,2.05864,1.32,1.13
2011.01.27 17:15:11.781,2.05814,2.05897,2.07,1.13
2011.01.27 17:15:11.889,2.05814,2.05897,2.07,1.13
2011.01.27 17:15:12.396,2.05818,2.0592,1.13,1.13
2011.01.27 17:15:12.937,2.05823,2.0592,1.05,1.13
2011.01.27 17:15:18.999,2.05823,2.0592,1.20,1.13
2011.01.27 17:15:19.109,2.05823,2.0592,1.05,1.13
2011.01.27 17:15:24.049,2.05825,2.0592,1.05,1.13
2011.01.27 17:15:24.398,2.0583,2.0592,1.05,1.13
2011.01.27 17:15:24.994,2.05831,2.0592,1.05,1.13
2011.01.27 17:15:25.109,2.05831,2.05934,1.05,1.13
2011.01.27 17:15:26.617,2.0583,2.05934,2.18,1.13
2011.01.27 17:15:27.183,2.05831,2.05934,1.05,1.13
2011.01.27 17:15:28.567,2.05837,2.05939,1.13,1.13
2011.01.27 17:15:28.897,2.05821,2.05921,1.05,1.13
2011.01.27 17:15:29.544,2.05854,2.05937,1.13,1.13
2011.01.27 17:15:32.479,2.05854,2.05937,1.32,1.13
2011.01.27 17:15:32.588,2.0586,2.0596,1.05,1.13
2011.01.27 17:15:33.267,2.0586,2.05947,1.05,1.13
2011.01.27 17:15:33.381,2.05855,2.05947,1.05,1.13
2011.01.27 17:15:34.008,2.05866,2.05951,1.13,1.13
2011.01.27 17:15:36.441,2.05866,2.05951,2.25,1.13
2011.01.27 17:15:36.554,2.05866,2.05951,1.13,1.13
2011.01.27 17:15:40.669,2.05872,2.05957,1.13,1.13
2011.01.27 17:15:45.654,2.05874,2.05962,1.13,1.13
2011.01.27 17:15:45.768,2.05875,2.05967,1.13,1.13
2011.01.27 17:15:46.323,2.05873,2.05956,1.13,1.13
2011.01.27 17:15:47.260,2.05886,2.05969,1.13,1.13
2011.01.27 17:16:01.039,2.059,2.05985,1.13,1.13
2011.01.27 17:16:01.153,2.05886,2.05969,1.13,1.13
2011.01.27 17:16:19.161,2.05878,2.05963,1.13,1.13
2011.01.27 17:16:19.268,2.05873,2.05956,1.13,1.13
2011.01.27 17:16:20.006,2.0587,2.05953,1.13,1.13
2011.01.27 17:16:20.407,2.05865,2.05951,1.05,1.13
2011.01.27 17:16:20.517,2.05868,2.05951,1.05,1.13
2011.01.27 17:16:21.219,2.05846,2.05928,1.05,1.13
2011.01.27 17:16:21.332,2.05843,2.05928,1.13,1.13
2011.01.27 17:16:22.540,2.0585,2.05935,1.13,1.13
2011.01.27 17:16:23.127,2.05844,2.05927,1.47,1.13
2011.01.27 17:16:23.725,2.05851,2.05934,1.13,1.13
2011.01.27 17:16:37.468,2.05855,2.05956,1.13,1.47
2011.01.27 17:16:37.584,2.05855,2.05956,1.32,1.13
2011.01.27 17:16:37.921,2.05936,2.06011,1.13,2.07
2011.01.27 17:16:38.138,2.05882,2.05958,2.07,1.13
2011.01.27 17:16:38.855,2.0587,2.05935,1.05,1.13
2011.01.27 17:16:38.976,2.0587,2.05935,1.99,1.13
2011.01.27 17:16:39.201,2.0587,2.0598,1.99,1.13
2011.01.27 17:16:39.309,2.0587,2.0598,1.24,2.07
2011.01.27 17:16:39.418,2.0587,2.05957,1.24,1.13
2011.01.27 17:16:40.100,2.05854,2.05957,1.47,1.13
2011.01.27 17:16:41.457,2.05854,2.05957,1.39,1.13
2011.01.27 17:16:43.963,2.05845,2.05941,1.05,1.13
2011.01.27 17:16:44.556,2.05845,2.05944,1.05,1.13
2011.01.27 17:16:44.673,2.05848,2.0595,1.32,1.13
2011.01.27 17:16:45.924,2.05851,2.05971,1.13,1.05
2011.01.27 17:16:46.039,2.05863,2.05967,1.05,1.13
2011.01.27 17:16:46.258,2.0586,2.05967,1.05,1.13
2011.01.27 17:16:47.482,2.0586,2.0596,1.05,1.13
2011.01.27 17:16:49.510,2.05853,2.05954,1.05,1.13
2011.01.27 17:16:50.155,2.05853,2.0596,1.05,1.13
2011.01.27 17:16:50.272,2.05853,2.05954,1.05,1.13
2011.01.27 17:16:50.389,2.0585,2.05954,1.05,1.13
2011.01.27 17:16:51.037,2.05848,2.05954,1.05,1.13
2011.01.27 17:16:54.101,2.05851,2.05961,1.05,1.13
2011.01.27 17:16:54.260,2.05851,2.05953,1.05,1.13
2011.01.27 17:16:54.587,2.05854,2.05953,1.05,1.13
2011.01.27 17:16:54.837,2.05848,2.05953,1.05,1.13
2011.01.27 17:17:02.924,2.05848,2.05961,1.05,1.13
2011.01.27 17:17:03.598,2.05849,2.05961,1.05,1.13
2011.01.27 17:17:03.928,2.05848,2.05953,1.05,1.13
2011.01.27 17:17:04.961,2.05845,2.05953,1.05,1.13
2011.01.27 17:17:05.668,2.05848,2.05953,1.05,1.13
2011.01.27 17:17:06.888,2.05845,2.05953,1.05,1.13
2011.01.27 17:17:07.947,2.05843,2.05953,1.05,1.13
2011.01.27 17:17:09.975,2.05843,2.0595,1.05,1.13
2011.01.27 17:17:10.759,2.05836,2.0595,1.13,1.13
2011.01.27 17:17:11.393,2.05831,2.05934,1.05,1.13
2011.01.27 17:17:11.512,2.05844,2.05949,1.05,1.13
2011.01.27 17:17:13.169,2.05849,2.05949,1.05,1.13
2011.01.27 17:17:13.282,2.05849,2.0595,1.05,1.13
2011.01.27 17:17:13.774,2.05852,2.0595,1.05,1.13
2011.01.27 17:17:13.998,2.05844,2.0595,1.05,1.13
2011.01.27 17:17:14.653,2.05843,2.0595,1.05,1.13
2011.01.27 17:17:15.125,2.05847,2.0596,1.13,1.13
2011.01.27 17:17:17.157,2.05849,2.05969,1.13,1.05
2011.01.27 17:17:17.377,2.05849,2.05971,1.13,1.13
2011.01.27 17:17:18.168,2.05849,2.0596,1.05,1.13
2011.01.27 17:17:18.281,2.05847,2.0596,1.13,1.13
2011.01.27 17:17:21.538,2.05849,2.05967,1.13,1.05
2011.01.27 17:17:21.647,2.05849,2.05969,1.13,1.05
2011.01.27 17:17:22.195,2.05849,2.05971,1.13,3.23
2011.01.27 17:17:30.433,2.05862,2.05984,2.18,1.32
2011.01.27 17:17:31.360,2.05865,2.05984,1.05,1.32
2011.01.27 17:17:32.223,2.05866,2.05984,1.05,1.32
2011.01.27 17:17:32.671,2.05869,2.05984,1.05,1.32
2011.01.27 17:17:32.997,2.05874,2.05984,1.05,1.32
2011.01.27 17:17:33.696,2.05875,2.05995,1.05,1.13
2011.01.27 17:17:33.815,2.05887,2.05998,1.13,1.32
2011.01.27 17:17:34.827,2.05887,2.05998,1.13,1.13
2011.01.27 17:17:35.458,2.05888,2.0601,1.13,2.37
2011.01.27 17:17:37.429,2.05889,2.0599,1.05,1.13
2011.01.27 17:17:37.648,2.05887,2.0599,1.05,1.13
2011.01.27 17:17:37.769,2.05883,2.0599,3.23,1.13
2011.01.27 17:17:38.259,2.0589,2.06006,1.13,1.05
2011.01.27 17:17:38.478,2.05892,2.06009,1.05,1.13
2011.01.27 17:17:38.590,2.05889,2.06008,1.05,1.13
2011.01.27 17:17:38.808,2.05889,2.05996,1.05,1.13
2011.01.27 17:17:38.917,2.05882,2.05996,1.05,1.13
2011.01.27 17:17:39.028,2.05882,2.05994,1.05,1.13
2011.01.27 17:17:39.739,2.05874,2.05984,1.05,1.13
2011.01.27 17:17:43.529,2.05878,2.05986,1.13,1.13
2011.01.27 17:17:43.770,2.05874,2.05985,1.05,1.13
2011.01.27 17:17:45.367,2.05866,2.05985,1.05,1.13
2011.01.27 17:17:45.477,2.05863,2.05974,1.13,1.13
2011.01.27 17:17:46.268,2.05866,2.05974,1.05,1.13
2011.01.27 17:17:46.719,2.05863,2.05974,1.13,1.13
2011.01.27 17:17:47.167,2.05863,2.05974,1.13,1.32
2011.01.27 17:17:51.815,2.0586,2.0597,1.05,1.13
2011.01.27 17:17:57.641,2.05861,2.05972,1.13,1.32
2011.01.27 17:18:00.061,2.05861,2.05972,1.13,2.07
2011.01.27 17:18:00.497,2.05853,2.05927,1.13,1.13
2011.01.27 17:18:01.688,2.05853,2.05927,1.13,2.07
2011.01.27 17:18:01.908,2.05825,2.05919,1.05,1.13
2011.01.27 17:18:02.019,2.05818,2.05919,1.05,1.13
2011.01.27 17:18:02.128,2.0583,2.05923,1.13,1.32
2011.01.27 17:18:02.996,2.0583,2.05923,1.13,1.32
2011.01.27 17:18:03.220,2.05829,2.05924,1.13,1.13
2011.01.27 17:18:03.439,2.05831,2.05935,1.13,1.13
2011.01.27 17:18:04.253,2.05834,2.05946,1.05,1.32
2011.01.27 17:18:05.059,2.05837,2.05945,1.13,1.32
2011.01.27 17:18:05.643,2.05834,2.05945,2.18,1.32
2011.01.27 17:18:06.579,2.05834,2.05945,2.18,1.20
2011.01.27 17:18:08.667,2.05832,2.05934,1.13,1.13
2011.01.27 17:18:10.842,2.05832,2.05934,1.13,1.32
2011.01.27 17:18:12.323,2.0583,2.05922,1.13,1.13
2011.01.27 17:18:13.717,2.0581,2.05919,1.05,1.13
2011.01.27 17:18:14.738,2.0581,2.05907,1.05,1.13
2011.01.27 17:18:15.318,2.05805,2.05907,1.13,1.13
2011.01.27 17:18:15.693,2.05806,2.05907,1.05,1.32
2011.01.27 17:18:16.391,2.05806,2.0591,1.05,1.13
2011.01.27 17:18:16.501,2.05806,2.05905,1.05,1.13
2011.01.27 17:18:17.430,2.05804,2.05905,1.05,1.13
2011.01.27 17:18:17.538,2.05831,2.05921,1.13,1.13
2011.01.27 17:18:18.271,2.05831,2.05933,1.13,1.13
2011.01.27 17:18:19.808,2.05831,2.05933,1.13,1.28
2011.01.27 17:18:21.063,2.05831,2.05933,1.13,1.13
2011.01.27 17:18:22.890,2.05842,2.05935,1.13,1.13
2011.01.27 17:18:24.045,2.05843,2.05947,1.13,1.13
2011.01.27 17:18:27.051,2.05842,2.05935,1.13,1.13
2011.01.27 17:18:41.272,2.05841,2.0593,1.13,1.13
2011.01.27 17:18:41.378,2.0583,2.05934,1.13,1.13
2011.01.27 17:18:41.982,2.05812,2.05929,1.05,1.13
2011.01.27 17:18:42.089,2.05807,2.05918,2.18,1.13
2011.01.27 17:18:42.800,2.05805,2.05907,1.13,1.13
2011.01.27 17:18:45.004,2.05797,2.05905,1.05,1.13
2011.01.27 17:18:45.922,2.05797,2.05906,1.05,1.13
2011.01.27 17:18:46.870,2.05797,2.05906,1.05,1.20
2011.01.27 17:18:47.821,2.05797,2.05906,1.05,1.13
2011.01.27 17:18:48.609,2.05803,2.05907,1.13,1.13
2011.01.27 17:18:48.827,2.05797,2.05906,1.05,1.13
2011.01.27 17:18:49.644,2.05794,2.05906,1.05,1.13
2011.01.27 17:18:49.762,2.05802,2.05897,1.13,1.13
2011.01.27 17:18:51.178,2.05794,2.05894,1.05,1.13
2011.01.27 17:18:51.398,2.05803,2.05896,1.13,1.13
2011.01.27 17:18:53.948,2.05826,2.059,1.13,1.13
2011.01.27 17:19:03.700,2.05829,2.05903,1.13,1.13
2011.01.27 17:19:04.359,2.05836,2.05905,1.13,1.13
2011.01.27 17:19:04.798,2.05839,2.05915,1.13,1.13
2011.01.27 17:19:05.803,2.0586,2.05932,1.13,1.13
2011.01.27 17:19:05.919,2.05862,2.05942,1.13,1.13
2011.01.27 17:19:07.621,2.05855,2.05924,1.13,1.13
2011.01.27 17:19:07.949,2.05845,2.05918,1.13,1.13
2011.01.27 17:19:12.710,2.05831,2.05921,1.13,1.13
2011.01.27 17:19:20.308,2.05834,2.05924,1.13,1.13
2011.01.27 17:19:27.578,2.05831,2.05921,1.13,1.13
2011.01.27 17:19:33.533,2.0585,2.05939,1.13,1.05
2011.01.27 17:19:34.476,2.05851,2.05939,1.13,1.05
2011.01.27 17:19:34.593,2.05863,2.05963,1.13,1.47
2011.01.27 17:19:35.315,2.05857,2.05962,1.13,1.13
2011.01.27 17:19:36.461,2.05861,2.05963,1.13,1.28
2011.01.27 17:19:38.169,2.05868,2.05965,1.13,1.13
2011.01.27 17:19:39.934,2.05874,2.05972,1.13,1.05
2011.01.27 17:19:41.089,2.05875,2.05977,1.13,1.05
2011.01.27 17:19:41.123,2.05875,2.0598,1.13,1.05
2011.01.27 17:19:42.020,2.05876,2.0598,1.13,1.05
2011.01.27 17:19:42.133,2.05897,2.05989,1.13,1.05
2011.01.27 17:19:42.444,2.05897,2.05986,1.13,1.13
2011.01.27 17:19:42.559,2.05897,2.05989,1.13,1.05
2011.01.27 17:19:44.560,2.05897,2.05992,1.13,1.28
2011.01.27 17:19:48.048,2.05906,2.05994,1.13,1.13
2011.01.27 17:19:48.268,2.05898,2.05991,1.13,1.13
2011.01.27 17:19:49.679,2.05894,2.05968,1.13,1.32
2011.01.27 17:19:50.008,2.05884,2.05949,1.13,1.13
2011.01.27 17:19:50.689,2.05866,2.05926,1.13,1.13
2011.01.27 17:19:51.018,2.05857,2.05924,1.13,1.13
2011.01.27 17:19:54.316,2.05868,2.05928,1.13,1.13
2011.01.27 17:19:55.122,2.05871,2.05937,1.13,1.13
2011.01.27 17:19:55.238,2.05868,2.05928,1.13,1.13
2011.01.27 17:19:56.333,2.05865,2.05946,1.13,1.13
2011.01.27 17:19:56.890,2.05868,2.05928,1.13,1.13
2011.01.27 17:19:57.405,2.05872,2.05936,1.13,1.13
2011.01.27 17:19:58.702,2.05887,2.05949,1.13,1.13
2011.01.27 17:19:59.317,2.05886,2.0595,1.13,1.13
2011.01.27 17:20:00.011,2.05887,2.05949,1.13,1.13
2011.01.27 17:20:03.473,2.05888,2.05961,1.13,1.13
2011.01.27 17:20:04.971,2.05897,2.05962,1.13,1.13
2011.01.27 17:20:08.183,2.05891,2.05953,1.13,1.13
2011.01.27 17:20:12.167,2.05886,2.0595,1.13,1.13
2011.01.27 17:20:13.188,2.05884,2.05949,1.13,1.13
2011.01.27 17:20:14.073,2.05874,2.05947,1.13,1.13
2011.01.27 17:20:15.655,2.0587,2.05937,1.13,1.13
2011.01.27 17:20:15.948,2.05872,2.05948,1.13,1.13
2011.01.27 17:20:16.670,2.05871,2.05936,1.13,1.13
2011.01.27 17:20:31.648,2.0586,2.05934,1.13,1.13
2011.01.27 17:20:31.758,2.05848,2.05933,1.13,1.13
2011.01.27 17:20:32.088,2.05859,2.05935,1.13,1.13
2011.01.27 17:20:32.878,2.05849,2.05932,1.13,1.13
2011.01.27 17:20:34.049,2.05859,2.05935,1.13,1.13
2011.01.27 17:20:34.800,2.05856,2.05934,1.13,1.13
2011.01.27 17:20:35.248,2.0586,2.05934,1.13,1.13
2011.01.27 17:20:36.738,2.05858,2.05923,1.13,1.13
2011.01.27 17:20:37.445,2.05864,2.05923,1.05,1.13
2011.01.27 17:20:37.564,2.05886,2.0596,1.13,1.13
2011.01.27 17:20:40.672,2.05905,2.05982,1.13,1.05
2011.01.27 17:20:40.814,2.05884,2.05974,1.13,1.32
2011.01.27 17:20:40.929,2.05884,2.05974,1.32,1.13
2011.01.27 17:20:41.522,2.05866,2.05927,1.05,1.32
2011.01.27 17:20:41.629,2.05843,2.05927,1.05,1.32
2011.01.27 17:20:42.264,2.05861,2.0593,1.13,1.13
2011.01.27 17:20:43.479,2.05852,2.05928,1.13,1.13
2011.01.27 17:20:43.593,2.05869,2.05935,1.13,1.13
2011.01.27 17:20:44.292,2.05861,2.0593,1.13,1.13
2011.01.27 17:20:45.288,2.05852,2.05928,1.13,1.13
2011.01.27 17:20:45.509,2.05859,2.05932,1.13,1.13
2011.01.27 17:20:46.199,2.05864,2.05962,1.32,1.13
2011.01.27 17:20:47.229,2.05852,2.0596,1.13,1.13
2011.01.27 17:20:47.338,2.05851,2.05952,1.13,1.13
2011.01.27 17:20:48.051,2.05872,2.05957,1.13,1.13
2011.01.27 17:20:48.942,2.05873,2.05953,1.13,1.13
2011.01.27 17:20:49.740,2.05887,2.05966,1.13,1.13
2011.01.27 17:20:49.852,2.05868,2.05963,1.05,1.13
2011.01.27 17:20:49.958,2.05863,2.05963,1.13,1.13
2011.01.27 17:20:51.221,2.05863,2.05963,1.13,1.28
2011.01.27 17:20:52.227,2.05863,2.05963,1.13,1.20
2011.01.27 17:20:52.670,2.05875,2.05965,1.13,1.13
2011.01.27 17:20:53.404,2.05878,2.05976,1.13,1.13
2011.01.27 17:20:55.268,2.05891,2.05981,1.13,1.13
2011.01.27 17:21:00.004,2.05897,2.05987,1.13,1.43
2011.01.27 17:21:00.119,2.05897,2.05987,1.13,1.13
2011.01.27 17:21:01.199,2.05889,2.05997,1.13,1.05
2011.01.27 17:21:01.309,2.05904,2.05994,1.13,1.13
2011.01.27 17:21:02.044,2.0588,2.05975,1.05,1.13
2011.01.27 17:21:02.160,2.05882,2.05975,1.05,1.13
2011.01.27 17:21:02.557,2.05875,2.05975,1.13,1.13
2011.01.27 17:21:08.104,2.05874,2.05975,1.13,1.05
2011.01.27 17:21:09.792,2.05874,2.05976,1.13,1.13
2011.01.27 17:21:10.978,2.05883,2.05977,1.13,1.13
2011.01.27 17:21:11.729,2.05884,2.05988,1.13,1.13
2011.01.27 17:21:13.010,2.05884,2.05988,1.13,1.43
2011.01.27 17:21:13.118,2.05884,2.05988,1.13,1.13
2011.01.27 17:21:14.090,2.05889,2.05988,1.13,1.13
2011.01.27 17:21:14.199,2.05884,2.05988,1.13,1.13
2011.01.27 17:21:16.497,2.05888,2.05989,1.13,1.13
2011.01.27 17:21:17.281,2.05885,2.05987,1.13,1.13
2011.01.27 17:21:20.470,2.05883,2.05977,1.13,1.13
2011.01.27 17:21:20.978,2.05885,2.05987,1.13,1.13
2011.01.27 17:21:22.108,2.05886,2.05988,1.13,1.13
2011.01.27 17:21:22.638,2.05898,2.05991,1.13,1.13
2011.01.27 17:21:23.389,2.05885,2.05987,1.13,1.13
2011.01.27 17:21:26.028,2.05883,2.05977,1.13,1.13
2011.01.27 17:21:27.201,2.05885,2.05987,1.13,1.13
2011.01.27 17:21:28.351,2.05875,2.05946,1.13,1.13
2011.01.27 17:21:29.519,2.05877,2.05947,1.13,1.13
2011.01.27 17:21:31.759,2.0587,2.05939,1.13,1.13
2011.01.27 17:21:34.790,2.05871,2.05938,1.13,1.13
2011.01.27 17:21:36.508,2.05875,2.05943,1.13,1.13
2011.01.27 17:21:41.769,2.0589,2.05952,1.13,1.13
2011.01.27 17:21:43.370,2.05877,2.05948,1.13,1.13
2011.01.27 17:21:52.335,2.05891,2.05951,1.13,1.13
2011.01.27 17:21:52.450,2.0588,2.05945,1.13,1.13
2011.01.27 17:21:52.696,2.0588,2.0595,1.13,1.13
2011.01.27 17:22:02.470,2.05873,2.05941,1.13,1.13
2011.01.27 17:22:02.578,2.05873,2.05949,1.13,1.13
2011.01.27 17:22:03.055,2.05872,2.05937,1.13,1.13
2011.01.27 17:22:03.172,2.05874,2.05948,1.13,1.13
2011.01.27 17:22:05.175,2.05881,2.05949,1.13,1.13
2011.01.27 17:22:05.288,2.05874,2.05948,1.13,1.13
2011.01.27 17:22:09.459,2.05885,2.0595,1.13,1.13
2011.01.27 17:22:15.198,2.05892,2.05954,1.13,1.13
2011.01.27 17:22:20.934,2.05884,2.05951,1.13,1.13
2011.01.27 17:22:27.750,2.05884,2.05951,1.13,2.07
2011.01.27 17:22:28.270,2.05867,2.05943,1.13,1.13
2011.01.27 17:22:29.460,2.05865,2.05941,1.13,1.13
2011.01.27 17:22:32.720,2.05855,2.05938,1.13,1.13
2011.01.27 17:22:32.831,2.05855,2.05938,2.07,1.13
2011.01.27 17:22:32.941,2.05886,2.05957,1.13,1.13
2011.01.27 17:22:33.159,2.05866,2.0594,1.13,1.13
2011.01.27 17:22:33.864,2.05867,2.05952,1.13,1.13
2011.01.27 17:22:33.977,2.05881,2.05964,1.13,1.13
2011.01.27 17:22:35.977,2.05881,2.05963,1.13,1.13
2011.01.27 17:22:36.721,2.0588,2.05965,1.13,1.13
2011.01.27 17:22:37.048,2.05882,2.05965,1.13,1.13
2011.01.27 17:22:37.658,2.05881,2.05964,1.13,1.13
2011.01.27 17:22:46.379,2.05878,2.05954,1.13,1.13
2011.01.27 17:22:46.888,2.05867,2.05952,1.13,1.13
2011.01.27 17:22:48.484,2.05884,2.05958,1.13,1.13
2011.01.27 17:22:48.600,2.05868,2.05951,1.13,1.13
2011.01.27 17:22:58.658,2.05884,2.05958,1.13,1.13
2011.01.27 17:22:59.461,2.05869,2.05952,1.05,1.13
2011.01.27 17:22:59.574,2.0588,2.05965,1.13,1.13
2011.01.27 17:23:03.189,2.05871,2.05944,1.13,1.13
2011.01.27 17:23:04.368,2.05856,2.05932,1.13,1.13
2011.01.27 17:23:05.161,2.05843,2.05919,1.13,1.13
2011.01.27 17:23:06.859,2.05846,2.05918,1.13,1.13
2011.01.27 17:23:07.078,2.05844,2.05918,1.13,1.13
2011.01.27 17:23:07.188,2.05857,2.05931,1.13,1.32
2011.01.27 17:23:09.611,2.05854,2.05921,1.13,1.13
2011.01.27 17:23:09.939,2.05842,2.05907,1.50,1.32
2011.01.27 17:23:10.730,2.0587,2.05951,1.32,1.32
2011.01.27 17:23:10.842,2.05917,2.06005,1.05,1.05
2011.01.27 17:23:10.959,2.0593,2.06005,1.13,1.05
2011.01.27 17:23:11.069,2.05917,2.06005,1.13,1.05
2011.01.27 17:23:11.639,2.05913,2.06015,3.23,1.13
2011.01.27 17:23:11.751,2.05917,2.06015,1.05,1.13
2011.01.27 17:23:12.589,2.05913,2.06015,2.18,1.13
2011.01.27 17:23:13.519,2.05911,2.06013,1.13,1.13
2011.01.27 17:23:14.902,2.05923,2.06035,1.32,1.05
2011.01.27 17:23:15.018,2.05919,2.06039,1.32,2.10
2011.01.27 17:23:17.265,2.05919,2.06039,1.13,1.05
2011.01.27 17:23:18.448,2.05919,2.06039,1.13,1.62
2011.01.27 17:23:18.778,2.05896,2.05972,1.13,1.13
2011.01.27 17:23:26.328,2.05895,2.0596,1.13,1.13
2011.01.27 17:23:26.922,2.05884,2.05958,1.13,1.13
2011.01.27 17:23:30.537,2.05872,2.05957,1.13,1.13
2011.01.27 17:23:31.449,2.05884,2.05958,1.13,1.13
2011.01.27 17:23:33.039,2.05873,2.05956,1.13,1.13
2011.01.27 17:23:33.616,2.05875,2.05935,1.13,1.13
2011.01.27 17:23:33.735,2.0587,2.05934,1.13,1.13
2011.01.27 17:23:33.849,2.05871,2.05945,1.13,1.13
2011.01.27 17:23:34.679,2.0587,2.05946,1.13,1.13
2011.01.27 17:23:38.181,2.05869,2.05935,1.13,1.13
2011.01.27 17:23:38.402,2.05876,2.05947,1.13,1.13
2011.01.27 17:23:38.510,2.05871,2.05945,1.13,1.13
2011.01.27 17:23:39.388,2.0587,2.05934,1.13,1.13
2011.01.27 17:23:41.019,2.05874,2.05936,1.13,1.13
2011.01.27 17:23:41.240,2.0587,2.05934,1.13,1.13
2011.01.27 17:23:44.370,2.05875,2.05935,1.13,1.13
2011.01.27 17:23:44.798,2.05869,2.05935,1.13,1.13
2011.01.27 17:23:45.639,2.0587,2.05934,1.13,1.13
2011.01.27 17:23:55.601,2.05883,2.05948,1.13,1.13
2011.01.27 17:23:55.931,2.05883,2.05948,1.13,2.07
2011.01.27 17:23:56.040,2.05869,2.05935,1.13,1.13
2011.01.27 17:23:56.753,2.05883,2.05948,1.13,1.13
2011.01.27 17:23:58.659,2.05883,2.05948,1.13,2.07
2011.01.27 17:23:59.482,2.05883,2.05948,1.13,1.13
2011.01.27 17:23:59.591,2.0587,2.05934,1.13,1.13
2011.01.27 17:24:00.178,2.05883,2.05948,1.13,1.32
2011.01.27 17:24:00.289,2.05869,2.05935,1.13,1.13
2011.01.27 17:24:01.210,2.05869,2.05935,1.32,1.13
2011.01.27 17:24:01.319,2.05883,2.05948,1.13,1.13
2011.01.27 17:24:01.897,2.05872,2.05937,1.13,1.13
2011.01.27 17:24:02.015,2.05866,2.05928,1.13,1.13
2011.01.27 17:24:02.348,2.05853,2.05915,1.13,1.13
2011.01.27 17:24:02.603,2.05836,2.0591,1.32,1.13
2011.01.27 17:24:03.151,2.05836,2.0591,1.13,1.13
2011.01.27 17:24:11.597,2.05836,2.0591,1.32,1.13
2011.01.27 17:24:11.821,2.05816,2.0589,1.13,1.32
2011.01.27 17:24:11.929,2.05816,2.0589,2.07,1.13
2011.01.27 17:24:12.062,2.05832,2.05898,1.13,1.13
2011.01.27 17:24:13.188,2.05846,2.05928,1.13,1.05
2011.01.27 17:24:13.409,2.05846,2.0594,2.07,1.13
2011.01.27 17:24:13.519,2.05855,2.05953,2.07,1.05
2011.01.27 17:24:14.198,2.05852,2.05962,1.13,1.13
2011.01.27 17:24:14.947,2.05851,2.05962,1.13,1.13
2011.01.27 17:24:17.159,2.05852,2.05965,1.13,1.05
2011.01.27 17:24:17.639,2.05852,2.05968,1.13,1.05
2011.01.27 17:24:18.893,2.05852,2.05969,1.13,1.05
2011.01.27 17:24:19.009,2.05843,2.05966,2.18,1.05
2011.01.27 17:24:19.380,2.05843,2.05966,1.32,1.05
2011.01.27 17:24:20.032,2.05865,2.05988,1.05,1.05
2011.01.27 17:24:20.249,2.05859,2.05984,1.05,1.05
2011.01.27 17:24:21.879,2.05856,2.05979,1.05,1.05
2011.01.27 17:24:22.119,2.05852,2.05977,2.18,1.05
2011.01.27 17:24:22.341,2.05852,2.0597,1.13,1.05
2011.01.27 17:24:22.453,2.05848,2.0597,1.13,1.05
2011.01.27 17:24:23.055,2.05848,2.05967,1.13,1.05
2011.01.27 17:24:23.389,2.05914,2.05967,1.13,1.05
2011.01.27 17:24:24.193,2.05914,2.05986,1.13,1.05
2011.01.27 17:24:24.309,2.05914,2.06006,1.13,1.13
2011.01.27 17:24:24.528,2.05898,2.06003,1.05,1.13
2011.01.27 17:24:24.639,2.0589,2.06003,1.13,1.13
2011.01.27 17:24:24.750,2.05897,2.06003,1.05,1.13
2011.01.27 17:24:25.449,2.05913,2.06007,1.13,1.13
2011.01.27 17:24:25.560,2.0589,2.06003,1.13,1.13
2011.01.27 17:24:25.669,2.05886,2.05998,1.05,1.13
2011.01.27 17:24:25.998,2.0589,2.06003,1.13,1.13
2011.01.27 17:24:27.471,2.05893,2.06011,1.13,1.05
2011.01.27 17:24:27.690,2.05893,2.05973,1.05,1.32
2011.01.27 17:24:28.411,2.05914,2.0598,1.13,2.44
2011.01.27 17:24:28.630,2.05914,2.05994,1.13,1.05
2011.01.27 17:24:28.738,2.05914,2.06006,1.13,1.13
2011.01.27 17:24:31.582,2.05915,2.06017,1.13,1.13
2011.01.27 17:24:32.706,2.05914,2.06013,1.13,1.13
2011.01.27 17:24:34.220,2.05913,2.06007,1.13,1.13
2011.01.27 17:24:35.661,2.05919,2.06007,1.13,1.13
2011.01.27 17:24:37.285,2.05895,2.06004,1.13,1.13
2011.01.27 17:24:39.489,2.05901,2.06011,1.13,1.05
2011.01.27 17:24:39.600,2.05901,2.06019,1.13,1.05
2011.01.27 17:24:39.819,2.05905,2.06024,1.13,1.05
2011.01.27 17:24:40.224,2.05905,2.06027,1.13,1.13
2011.01.27 17:24:40.449,2.05905,2.06024,1.13,1.05
2011.01.27 17:24:40.968,2.05905,2.0602,1.13,1.05
2011.01.27 17:24:41.404,2.05904,2.06014,1.13,1.05
2011.01.27 17:24:41.518,2.05906,2.06021,1.13,1.05
2011.01.27 17:24:42.443,2.05906,2.06024,1.13,1.05
2011.01.27 17:24:42.564,2.05914,2.06024,1.13,1.05
2011.01.27 17:24:42.989,2.05925,2.06028,1.13,1.05
2011.01.27 17:24:43.518,2.05929,2.06028,1.13,1.05
2011.01.27 17:24:43.740,2.05918,2.06028,1.13,1.05
2011.01.27 17:24:43.849,2.05918,2.06034,1.13,1.05
2011.01.27 17:24:43.958,2.05918,2.06028,1.13,1.05
2011.01.27 17:24:44.769,2.05918,2.0603,1.13,1.05
2011.01.27 17:24:45.264,2.05919,2.06032,1.13,1.05
2011.01.27 17:24:45.710,2.05919,2.06034,1.13,1.05
2011.01.27 17:24:46.551,2.05919,2.06031,1.13,1.05
2011.01.27 17:24:46.878,2.05919,2.06035,1.13,1.05
2011.01.27 17:24:46.989,2.05916,2.06029,1.13,1.13
2011.01.27 17:24:48.848,2.05916,2.06027,1.13,1.05
2011.01.27 17:24:49.841,2.05911,2.0602,1.13,1.13
2011.01.27 17:24:50.058,2.05919,2.0603,1.13,1.05
2011.01.27 17:24:50.800,2.05914,2.06028,1.13,1.05
2011.01.27 17:24:50.913,2.05899,2.06024,1.05,2.18
2011.01.27 17:24:56.459,2.059,2.06024,1.05,1.13
2011.01.27 17:24:57.099,2.05893,2.06013,1.13,2.18
2011.01.27 17:24:57.429,2.05905,2.06011,1.13,1.05
2011.01.27 17:24:58.391,2.05905,2.06013,1.13,1.05
2011.01.27 17:24:58.500,2.05914,2.06013,1.13,1.05
2011.01.27 17:24:59.008,2.05914,2.06015,1.13,1.05
2011.01.27 17:24:59.124,2.0592,2.06029,1.13,1.13
2011.01.27 17:24:59.242,2.05921,2.06033,1.13,1.05
2011.01.27 17:24:59.460,2.05921,2.06035,1.13,1.05
2011.01.27 17:24:59.678,2.05921,2.06032,1.13,1.05
2011.01.27 17:25:00.271,2.05921,2.06034,1.13,1.05
2011.01.27 17:25:00.379,2.05919,2.0603,1.13,1.13
2011.01.27 17:25:04.210,2.05909,2.06028,2.18,1.13
2011.01.27 17:25:14.369,2.05909,2.06024,1.13,1.05
2011.01.27 17:25:28.500,2.05899,2.06023,1.05,1.13
2011.01.27 17:25:35.719,2.05899,2.06024,2.18,2.18
2011.01.27 17:25:43.080,2.05902,2.06024,1.13,1.05
2011.01.27 17:25:43.412,2.05879,2.06001,1.05,1.05
2011.01.27 17:25:43.992,2.05909,2.06033,1.05,1.05
2011.01.27 17:25:44.099,2.05906,2.06029,1.05,1.05
2011.01.27 17:25:44.208,2.05908,2.06032,1.05,1.05
2011.01.27 17:25:44.772,2.0591,2.06033,1.05,2.18
2011.01.27 17:25:44.880,2.05908,2.06032,1.05,1.05
2011.01.27 17:25:45.413,2.05909,2.06033,1.05,1.13
2011.01.27 17:25:46.262,2.0591,2.06033,1.05,1.05
2011.01.27 17:25:47.349,2.05908,2.06032,1.05,1.05
2011.01.27 17:25:47.899,2.0591,2.06033,1.05,1.05
2011.01.27 17:25:48.650,2.05912,2.06017,1.13,1.05
2011.01.27 17:25:48.759,2.05901,2.06017,1.13,1.05
2011.01.27 17:25:48.978,2.05892,2.06017,1.05,1.05
2011.01.27 17:25:49.609,2.05893,2.06016,1.05,1.05
2011.01.27 17:25:51.001,2.05897,2.0602,1.05,2.18
2011.01.27 17:25:55.848,2.05893,2.06016,2.18,1.05
2011.01.27 17:26:00.060,2.05896,2.06021,1.05,2.10
2011.01.27 17:26:00.988,2.05892,2.06017,1.05,1.05
2011.01.27 17:26:01.633,2.05893,2.06017,1.13,1.05
2011.01.27 17:26:04.537,2.05901,2.06021,1.05,1.05
2011.01.27 17:26:04.653,2.05909,2.06034,1.05,1.05
2011.01.27 17:26:04.958,2.05909,2.06031,1.05,1.05
2011.01.27 17:26:06.469,2.05906,2.06029,1.05,1.05
2011.01.27 17:26:06.688,2.05904,2.06029,1.05,1.05
2011.01.27 17:26:08.323,2.05901,2.06025,1.13,1.05
2011.01.27 17:26:08.551,2.05902,2.06027,1.05,1.05
2011.01.27 17:26:09.114,2.059,2.06025,1.05,1.05
2011.01.27 17:26:09.229,2.05905,2.06028,1.05,1.05
2011.01.27 17:26:11.468,2.05904,2.06029,1.05,1.05
2011.01.27 17:26:12.610,2.05909,2.06031,1.05,1.05
2011.01.27 17:26:12.720,2.05904,2.06029,1.05,1.05
2011.01.27 17:26:13.394,2.05894,2.06017,1.05,1.05
2011.01.27 17:26:14.319,2.05896,2.06021,1.05,1.05
2011.01.27 17:26:17.019,2.05896,2.0602,1.05,1.05
2011.01.27 17:26:17.128,2.05893,2.06017,1.13,1.05
2011.01.27 17:26:17.860,2.05897,2.0602,1.05,1.05
2011.01.27 17:26:19.529,2.05894,2.06017,1.05,1.05
2011.01.27 17:26:19.638,2.05883,2.06008,1.05,1.05
2011.01.27 17:26:20.206,2.05945,2.06008,1.13,1.05
2011.01.27 17:26:20.325,2.05945,2.06012,1.13,1.05
2011.01.27 17:26:20.438,2.05942,2.06012,1.13,1.05
2011.01.27 17:26:20.551,2.05942,2.06024,1.13,1.13
2011.01.27 17:26:25.759,2.05938,2.06013,1.32,1.13
2011.01.27 17:26:27.660,2.05938,2.06013,1.13,1.13
2011.01.27 17:26:35.955,2.05942,2.06024,1.13,1.32
2011.01.27 17:26:40.630,2.05922,2.06019,2.37,1.13
2011.01.27 17:26:40.740,2.05921,2.06019,1.13,2.07
2011.01.27 17:26:40.849,2.05918,2.06009,2.37,1.32
2011.01.27 17:26:40.959,2.05917,2.05997,1.32,1.13
2011.01.27 17:26:41.179,2.05921,2.06019,1.13,2.07
2011.01.27 17:26:41.934,2.05921,2.06019,1.13,1.13
2011.01.27 17:26:52.401,2.05922,2.06019,1.13,1.13
2011.01.27 17:26:53.558,2.05934,2.06022,1.13,1.13
2011.01.27 17:26:53.668,2.05931,2.06022,1.13,1.13
2011.01.27 17:26:58.929,2.0592,2.0602,1.13,1.13
2011.01.27 17:26:59.333,2.05924,2.0602,1.13,1.13
2011.01.27 17:27:02.604,2.05924,2.0602,1.32,1.13
2011.01.27 17:27:02.720,2.05934,2.06032,1.13,1.13
2011.01.27 17:27:03.227,2.05934,2.06032,1.50,1.13
2011.01.27 17:27:03.559,2.0597,2.0606,1.13,1.13
2011.01.27 17:27:04.386,2.05969,2.06048,1.13,1.13
2011.01.27 17:27:04.504,2.05945,2.06034,1.13,1.13
2011.01.27 17:27:11.879,2.0595,2.06034,1.32,1.13
2011.01.27 17:27:11.989,2.05977,2.06052,1.13,1.13
2011.01.27 17:27:12.208,2.05968,2.06049,1.13,1.13
2011.01.27 17:27:12.997,2.05959,2.06059,1.32,1.13
2011.01.27 17:27:13.110,2.05971,2.06059,1.13,1.13
2011.01.27 17:27:14.719,2.05959,2.06059,1.32,1.13
2011.01.27 17:27:15.382,2.05959,2.06059,1.13,1.32
2011.01.27 17:27:15.491,2.05946,2.06046,1.32,1.13
2011.01.27 17:27:17.484,2.05958,2.06048,1.13,1.13
2011.01.27 17:27:17.593,2.05946,2.06046,1.47,1.13
2011.01.27 17:27:21.082,2.05946,2.06046,2.07,1.13
2011.01.27 17:27:21.780,2.05958,2.06046,1.13,1.13
2011.01.27 17:27:21.889,2.05969,2.06048,1.13,1.13
2011.01.27 17:27:26.459,2.05958,2.06046,1.20,1.13
2011.01.27 17:27:27.055,2.0595,2.06046,1.32,1.13
2011.01.27 17:27:27.291,2.0595,2.06046,1.13,1.13
2011.01.27 17:27:29.565,2.05945,2.06034,1.13,1.13
2011.01.27 17:27:30.644,2.05936,2.06033,1.32,1.13
2011.01.27 17:27:30.763,2.05944,2.06035,1.13,1.32
2011.01.27 17:27:32.740,2.05933,2.06033,1.32,1.13
2011.01.27 17:27:33.442,2.05932,2.06021,1.32,1.13
2011.01.27 17:27:33.549,2.05921,2.0602,1.32,1.13
2011.01.27 17:27:33.659,2.05931,2.06022,1.13,1.13
2011.01.27 17:27:34.419,2.05931,2.06022,2.07,1.13
2011.01.27 17:27:34.995,2.05945,2.06034,1.13,1.13
2011.01.27 17:27:35.115,2.05958,2.06046,1.13,1.13
2011.01.27 17:27:35.231,2.05959,2.06059,1.13,1.32
2011.01.27 17:27:36.160,2.05958,2.06046,1.13,1.13
2011.01.27 17:27:39.643,2.05977,2.06052,1.13,1.13
2011.01.27 17:27:39.869,2.05982,2.06061,1.13,1.13
2011.01.27 17:28:04.928,2.0598,2.0606,1.13,1.13
2011.01.27 17:28:18.718,2.05979,2.06061,1.13,1.13
2011.01.27 17:28:22.598,2.05979,2.06061,1.13,2.07
2011.01.27 17:28:22.819,2.05979,2.06061,1.13,1.32
2011.01.27 17:28:23.510,2.05966,2.06048,1.13,1.13
2011.01.27 17:28:27.873,2.05958,2.06056,1.20,1.13
2011.01.27 17:28:28.089,2.05958,2.06056,1.32,1.13
2011.01.27 17:28:28.200,2.05963,2.0606,1.24,1.13
2011.01.27 17:28:28.706,2.05963,2.0606,1.05,1.13
2011.01.27 17:28:28.823,2.05976,2.06067,1.13,1.13
2011.01.27 17:28:28.929,2.05965,2.06065,1.13,1.13
2011.01.27 17:28:30.290,2.05963,2.06056,1.13,1.13
2011.01.27 17:28:31.702,2.05963,2.06057,1.13,1.13
2011.01.27 17:28:32.380,2.05962,2.06057,1.13,1.13
2011.01.27 17:29:02.879,2.0596,2.06057,1.13,1.13
2011.01.27 17:29:10.696,2.05977,2.0608,1.13,1.13
2011.01.27 17:29:11.973,2.05965,2.06068,1.05,1.13
2011.01.27 17:29:13.529,2.05978,2.06078,1.13,1.13
2011.01.27 17:29:13.859,2.05985,2.06084,1.13,1.13
2011.01.27 17:29:23.995,2.05985,2.06084,3.04,1.13
2011.01.27 17:29:24.564,2.05985,2.06084,1.13,1.13
2011.01.27 17:29:38.030,2.05979,2.06077,1.13,1.13
2011.01.27 17:29:45.534,2.05972,2.06071,1.13,1.13
2011.01.27 17:29:45.651,2.05977,2.0608,1.13,1.13
2011.01.27 17:29:48.451,2.05972,2.06071,1.13,1.13
2011.01.27 17:29:49.378,2.05977,2.0608,1.13,1.13
2011.01.27 17:29:53.640,2.05974,2.06074,1.13,1.13
2011.01.27 17:29:53.749,2.05977,2.0608,1.13,1.13
2011.01.27 17:29:55.389,2.05966,2.06064,1.28,1.13
2011.01.27 17:29:56.382,2.05966,2.06064,1.13,1.13
2011.01.27 17:29:56.489,2.05972,2.06071,1.13,1.13
2011.01.27 17:29:57.779,2.05977,2.0608,1.13,1.13
2011.01.27 17:29:58.392,2.05972,2.06061,1.13,1.32
2011.01.27 17:29:58.609,2.05951,2.06053,1.13,1.13
2011.01.27 17:29:59.950,2.05946,2.06043,1.13,1.13
2011.01.27 17:30:03.404,2.05937,2.0605,1.05,1.32
2011.01.27 17:30:03.522,2.0595,2.06054,1.13,1.13
2011.01.27 17:30:03.850,2.05946,2.06043,1.13,1.13
2011.01.27 17:30:04.889,2.0595,2.06054,1.13,1.13
2011.01.27 17:30:05.422,2.05954,2.06038,1.13,1.13
2011.01.27 17:30:05.533,2.05945,2.06035,1.13,1.13
2011.01.27 17:30:13.649,2.05954,2.06038,1.13,1.13
2011.01.27 17:30:14.901,2.05953,2.06039,1.13,1.13
2011.01.27 17:30:17.168,2.05946,2.06034,1.13,1.13
2011.01.27 17:30:17.902,2.05953,2.06039,1.13,1.13
2011.01.27 17:30:20.358,2.05945,2.06035,1.13,1.13
2011.01.27 17:30:22.343,2.05933,2.06021,1.13,1.13
2011.01.27 17:30:25.658,2.05941,2.06025,1.13,1.13
2011.01.27 17:30:25.768,2.05945,2.06035,1.13,1.13
2011.01.27 17:30:28.908,2.05945,2.06035,1.13,1.32
2011.01.27 17:30:29.025,2.05942,2.06032,1.13,1.13
2011.01.27 17:30:29.832,2.05931,2.06021,2.18,1.13
2011.01.27 17:30:32.272,2.05934,2.06021,1.13,1.13
2011.01.27 17:30:32.379,2.05932,2.06022,1.13,1.13
2011.01.27 17:30:32.489,2.05928,2.06012,1.13,1.13
2011.01.27 17:30:35.140,2.0592,2.06006,1.13,1.13
2011.01.27 17:30:36.854,2.05925,2.0601,1.13,1.13
2011.01.27 17:30:40.444,2.05925,2.0601,1.20,1.13
2011.01.27 17:30:40.560,2.05925,2.0601,1.13,1.13
2011.01.27 17:30:42.439,2.05925,2.0601,1.20,1.13
2011.01.27 17:30:42.646,2.05925,2.0601,1.13,1.13
2011.01.27 17:30:49.234,2.05915,2.05999,1.13,1.13
2011.01.27 17:30:55.794,2.05907,2.05995,1.20,1.13
2011.01.27 17:31:13.310,2.05917,2.06006,1.13,1.13
2011.01.27 17:31:16.899,2.05925,2.05999,1.13,1.13
2011.01.27 17:31:19.608,2.05924,2.05994,1.13,1.13
2011.01.27 17:31:20.772,2.05925,2.05999,1.13,1.13
2011.01.27 17:31:20.989,2.05923,2.05995,1.13,1.13
2011.01.27 17:31:22.338,2.05923,2.05995,1.32,1.13
2011.01.27 17:31:22.448,2.05929,2.06001,1.13,1.13
2011.01.27 17:31:22.689,2.05923,2.05995,1.13,1.13
2011.01.27 17:31:23.511,2.05925,2.05999,1.13,1.13
2011.01.27 17:31:26.159,2.05907,2.05992,1.13,1.13
2011.01.27 17:31:34.171,2.05894,2.05979,1.28,1.13
2011.01.27 17:31:34.279,2.05894,2.05979,1.13,1.13
2011.01.27 17:31:34.390,2.05912,2.05986,1.13,1.13
2011.01.27 17:31:35.949,2.05913,2.05998,1.13,1.13
2011.01.27 17:31:36.169,2.05912,2.05986,1.13,1.13
2011.01.27 17:31:50.929,2.05911,2.0598,1.13,1.13
2011.01.27 17:31:54.291,2.05911,2.05984,1.13,1.13
2011.01.27 17:31:55.380,2.05908,2.05978,1.13,1.13
2011.01.27 17:31:56.023,2.05923,2.05998,1.13,1.13
2011.01.27 17:32:00.720,2.05913,2.05995,1.32,1.13
2011.01.27 17:32:00.941,2.0591,2.05989,2.07,1.13
2011.01.27 17:32:01.529,2.05933,2.06004,1.13,1.13
2011.01.27 17:32:01.645,2.05923,2.05998,1.13,1.13
2011.01.27 17:32:01.869,2.05913,2.05995,1.32,1.13
2011.01.27 17:32:01.980,2.0591,2.05985,1.13,1.13
2011.01.27 17:32:11.159,2.05911,2.05988,1.13,1.13
2011.01.27 17:32:11.929,2.05911,2.05984,1.13,1.13
2011.01.27 17:32:12.372,2.05907,2.05983,1.13,1.13
2011.01.27 17:32:13.335,2.05908,2.05982,1.13,1.13
2011.01.27 17:32:15.939,2.05898,2.05967,1.32,1.13
2011.01.27 17:32:16.049,2.05898,2.05967,1.13,1.13
2011.01.27 17:32:16.268,2.05891,2.05961,1.13,1.13
2011.01.27 17:32:17.728,2.05894,2.0597,1.13,1.13
2011.01.27 17:32:17.839,2.05894,2.0597,2.07,1.13
2011.01.27 17:32:18.059,2.05907,2.05983,1.13,1.13
2011.01.27 17:32:18.630,2.05897,2.0598,1.32,1.13
2011.01.27 17:32:18.744,2.05897,2.0598,1.13,1.13
2011.01.27 17:32:19.803,2.05885,2.05954,1.13,1.13
2011.01.27 17:32:20.031,2.0589,2.05962,1.13,1.13
2011.01.27 17:32:22.151,2.05893,2.05964,1.13,1.13
2011.01.27 17:32:22.764,2.05915,2.05986,1.13,1.13
2011.01.27 17:32:22.884,2.05897,2.05973,1.32,1.13
2011.01.27 17:32:23.979,2.05907,2.05977,1.32,1.13
2011.01.27 17:32:26.416,2.05907,2.05977,1.32,1.13
2011.01.27 17:32:29.430,2.0591,2.05986,1.32,1.13
2011.01.27 17:32:30.122,2.05927,2.05996,1.13,1.13
2011.01.27 17:32:32.650,2.05927,2.05996,1.13,2.07
2011.01.27 17:32:32.870,2.05914,2.05983,1.32,1.13
2011.01.27 17:32:35.143,2.05914,2.05983,1.13,1.32
2011.01.27 17:32:35.250,2.05906,2.05978,1.32,1.13
2011.01.27 17:32:35.800,2.05911,2.05978,1.99,1.13
2011.01.27 17:32:35.909,2.05927,2.06008,1.13,1.13
2011.01.27 17:32:36.130,2.0595,2.06075,1.05,1.05
2011.01.27 17:32:36.693,2.0595,2.06052,1.05,1.13
2011.01.27 17:32:36.800,2.05945,2.06052,1.05,1.13
2011.01.27 17:32:43.452,2.05945,2.06046,1.05,1.13
2011.01.27 17:32:43.560,2.05938,2.06046,1.05,1.13
2011.01.27 17:32:44.462,2.05942,2.06046,1.05,1.13
2011.01.27 17:32:45.062,2.05946,2.06046,1.05,1.13
2011.01.27 17:32:45.170,2.05946,2.06053,1.05,1.13
2011.01.27 17:32:47.254,2.05952,2.06053,1.05,1.13
2011.01.27 17:32:50.161,2.05955,2.0606,1.05,1.13
2011.01.27 17:32:50.721,2.05955,2.06066,1.05,1.32
2011.01.27 17:32:51.320,2.05962,2.06066,1.05,1.32
2011.01.27 17:32:54.346,2.05969,2.06075,1.05,1.13
2011.01.27 17:32:54.461,2.05983,2.06082,1.05,1.13
2011.01.27 17:32:55.090,2.05984,2.06082,1.05,1.13
2011.01.27 17:32:55.858,2.05984,2.06088,1.05,1.13
2011.01.27 17:32:56.081,2.0599,2.06088,1.05,1.13
2011.01.27 17:32:56.193,2.0599,2.06111,1.05,1.13
2011.01.27 17:32:56.311,2.05999,2.06111,1.05,1.13
2011.01.27 17:32:57.004,2.06002,2.06111,1.05,1.13
2011.01.27 17:32:57.459,2.06004,2.06113,1.05,1.13
2011.01.27 17:32:57.569,2.06004,2.06115,1.05,1.13
2011.01.27 17:33:01.091,2.06002,2.06107,1.05,1.13
2011.01.27 17:33:03.469,2.06005,2.06107,1.05,1.13
2011.01.27 17:33:06.770,2.06005,2.0611,1.05,1.13
2011.01.27 17:33:06.885,2.06055,2.06125,1.13,1.13
2011.01.27 17:33:10.095,2.06056,2.06124,1.13,1.13
2011.01.27 17:33:10.471,2.06067,2.06164,1.32,1.32
2011.01.27 17:33:10.690,2.06063,2.0614,1.13,1.13
2011.01.27 17:33:12.029,2.0604,2.06133,1.05,1.13
2011.01.27 17:33:12.140,2.0603,2.06133,1.05,1.13
2011.01.27 17:33:12.249,2.0604,2.06137,1.13,1.13
2011.01.27 17:33:22.856,2.06045,2.06159,1.13,1.13
2011.01.27 17:33:23.521,2.06046,2.06159,1.05,1.13
2011.01.27 17:33:30.683,2.06045,2.06159,1.13,1.13
2011.01.27 17:33:30.800,2.0605,2.06164,1.13,1.32
2011.01.27 17:33:31.417,2.0605,2.06164,1.13,1.13
2011.01.27 17:33:31.750,2.06069,2.06184,1.13,2.18
2011.01.27 17:33:32.364,2.06073,2.06184,1.05,1.13
2011.01.27 17:33:32.750,2.06069,2.06184,1.13,2.37
2011.01.27 17:33:32.859,2.06061,2.06171,1.05,1.32
2011.01.27 17:33:33.427,2.06037,2.06157,1.05,1.05
2011.01.27 17:33:33.543,2.06039,2.06164,1.05,1.05
2011.01.27 17:33:35.542,2.06035,2.06158,2.10,1.05
2011.01.27 17:33:36.257,2.0603,2.06155,2.10,1.05
2011.01.27 17:33:37.409,2.06031,2.06154,1.05,1.05
2011.01.27 17:33:41.550,2.06032,2.06157,1.05,1.05
2011.01.27 17:33:41.879,2.0603,2.06155,1.05,1.05
2011.01.27 17:33:43.122,2.06025,2.06149,1.13,1.05
2011.01.27 17:33:43.916,2.06025,2.06148,2.18,1.05
2011.01.27 17:33:44.468,2.06025,2.06147,1.13,1.05
2011.01.27 17:33:45.299,2.06033,2.06147,1.13,1.05
2011.01.27 17:33:45.411,2.0604,2.06165,1.05,1.05
2011.01.27 17:33:45.630,2.06034,2.06155,1.13,1.05
2011.01.27 17:33:46.705,2.0603,2.06155,1.05,1.05
2011.01.27 17:33:47.451,2.06027,2.06146,1.05,1.05
2011.01.27 17:33:48.017,2.06025,2.06146,1.13,1.05
2011.01.27 17:33:49.731,2.06025,2.06149,1.13,1.05
2011.01.27 17:33:50.259,2.06027,2.06152,1.05,1.05
2011.01.27 17:33:50.371,2.0604,2.06152,1.13,1.05
2011.01.27 17:33:50.983,2.0603,2.06155,1.05,1.05
2011.01.27 17:33:51.198,2.06026,2.06151,2.10,1.05
2011.01.27 17:33:52.770,2.06027,2.06152,1.05,1.05
2011.01.27 17:33:53.931,2.06039,2.06155,1.13,1.05
2011.01.27 17:33:54.042,2.06049,2.06172,1.05,1.05
2011.01.27 17:33:54.370,2.0605,2.06175,1.05,1.05
2011.01.27 17:33:56.969,2.0605,2.06175,1.05,1.24
2011.01.27 17:33:57.561,2.06028,2.0615,1.13,1.05
2011.01.27 17:33:57.779,2.06038,2.06151,1.13,1.05
2011.01.27 17:33:57.890,2.06038,2.0616,1.13,1.05
2011.01.27 17:33:58.555,2.06035,2.06159,1.13,1.05
2011.01.27 17:34:11.210,2.06037,2.0616,1.05,1.05
2011.01.27 17:34:11.937,2.06035,2.06158,2.18,1.05
2011.01.27 17:34:15.319,2.06037,2.0616,1.05,1.05
2011.01.27 17:34:16.072,2.06035,2.06159,1.13,1.05
2011.01.27 17:34:18.221,2.06035,2.06133,1.13,1.05
2011.01.27 17:34:20.161,2.06035,2.06137,1.13,1.05
2011.01.27 17:34:22.468,2.06035,2.06133,1.13,1.05
2011.01.27 17:34:22.579,2.06035,2.0614,1.13,1.05
2011.01.27 17:34:22.689,2.06041,2.0614,1.13,1.05
2011.01.27 17:34:23.020,2.06038,2.06143,1.13,1.05
2011.01.27 17:34:23.129,2.06038,2.06139,1.13,1.05
2011.01.27 17:34:23.271,2.06034,2.06139,1.13,1.05
2011.01.27 17:34:23.881,2.06034,2.06136,1.13,1.05
2011.01.27 17:34:28.019,2.06034,2.06141,1.13,1.05
2011.01.27 17:34:28.129,2.06036,2.06161,1.05,1.05
2011.01.27 17:34:28.666,2.06034,2.06133,1.13,1.05
2011.01.27 17:34:31.061,2.06034,2.06132,1.13,1.05
2011.01.27 17:34:32.663,2.06034,2.06134,1.13,1.05
2011.01.27 17:34:32.967,2.06034,2.06132,1.13,1.05
2011.01.27 17:34:37.000,2.06034,2.0614,1.13,1.05
2011.01.27 17:34:37.109,2.06035,2.06158,1.05,1.05
2011.01.27 17:34:39.039,2.06035,2.06155,1.05,1.05
2011.01.27 17:34:39.149,2.06029,2.06152,1.13,1.05
2011.01.27 17:34:40.172,2.06044,2.06155,1.05,1.05
2011.01.27 17:34:40.874,2.06042,2.06165,1.05,1.05
2011.01.27 17:34:40.980,2.06045,2.06168,1.05,1.05
2011.01.27 17:34:42.944,2.0604,2.06163,1.05,1.05
2011.01.27 17:34:43.916,2.06041,2.06163,1.13,1.05
2011.01.27 17:34:44.342,2.0604,2.06155,1.05,1.13
2011.01.27 17:34:44.669,2.06033,2.06132,1.13,1.13
2011.01.27 17:34:47.232,2.06025,2.06129,1.05,1.13
2011.01.27 17:34:49.494,2.06025,2.06134,1.05,1.32
2011.01.27 17:34:49.602,2.06026,2.06129,1.05,1.13
2011.01.27 17:34:49.929,2.06033,2.06132,1.13,1.13
2011.01.27 17:34:53.794,2.0603,2.06132,1.13,1.13
2011.01.27 17:34:54.298,2.06029,2.06133,1.13,1.13
2011.01.27 17:34:55.975,2.06029,2.06133,1.13,1.28
2011.01.27 17:34:56.790,2.06029,2.06133,1.13,1.13
2011.01.27 17:34:57.919,2.06034,2.06152,1.13,1.05
2011.01.27 17:34:58.463,2.06034,2.06145,1.13,1.05
2011.01.27 17:34:59.781,2.06029,2.06133,1.13,1.13
2011.01.27 17:35:06.976,2.06036,2.06134,1.13,1.13
2011.01.27 17:35:07.310,2.0604,2.06134,1.05,1.13
2011.01.27 17:35:07.420,2.06044,2.06139,1.13,1.13
2011.01.27 17:35:17.053,2.06035,2.06133,1.13,1.13
2011.01.27 17:35:17.159,2.06031,2.0611,1.13,1.13
2011.01.27 17:35:18.105,2.06036,2.06116,1.13,1.13
2011.01.27 17:35:18.449,2.0604,2.06139,1.13,1.32
2011.01.27 17:35:18.560,2.0604,2.06139,1.13,1.32
2011.01.27 17:35:18.669,2.06044,2.06157,1.13,1.24
2011.01.27 17:35:20.022,2.06044,2.06162,1.13,1.13
2011.01.27 17:35:20.130,2.06048,2.06166,1.13,1.05
2011.01.27 17:35:20.241,2.06054,2.06179,1.05,1.05
2011.01.27 17:35:22.841,2.0605,2.06175,1.05,1.05
2011.01.27 17:35:24.739,2.06052,2.06175,1.05,1.13
2011.01.27 17:35:25.428,2.06052,2.06177,1.05,1.05
2011.01.27 17:35:25.540,2.06047,2.06172,1.05,1.05
2011.01.27 17:35:25.889,2.06045,2.06168,1.05,1.05
2011.01.27 17:35:26.542,2.06044,2.06167,1.05,1.05
2011.01.27 17:35:26.870,2.06065,2.06177,1.13,1.05
2011.01.27 17:35:27.451,2.06087,2.06191,1.13,1.13
2011.01.27 17:35:29.464,2.06087,2.06187,1.13,1.05
2011.01.27 17:35:30.019,2.06085,2.06182,1.13,1.13
2011.01.27 17:35:32.420,2.06078,2.06176,1.13,1.13
2011.01.27 17:35:33.065,2.06086,2.06178,1.13,1.05
2011.01.27 17:35:33.180,2.06091,2.06184,1.13,1.05
2011.01.27 17:35:33.290,2.06098,2.0619,1.13,1.24
2011.01.27 17:35:34.231,2.0612,2.06199,1.13,1.13
2011.01.27 17:35:37.889,2.0612,2.06199,1.13,1.32
2011.01.27 17:35:38.721,2.06098,2.06195,1.13,1.32
2011.01.27 17:35:42.405,2.06099,2.06194,1.13,1.13
2011.01.27 17:35:51.329,2.06102,2.06199,1.13,1.13
2011.01.27 17:35:51.569,2.06098,2.06195,1.13,1.13
2011.01.27 17:35:53.101,2.06101,2.06197,1.13,1.13
2011.01.27 17:35:53.211,2.06098,2.06195,1.13,1.13
2011.01.27 17:35:57.929,2.06102,2.06199,1.13,1.13
2011.01.27 17:35:59.136,2.06102,2.06199,1.13,1.32
2011.01.27 17:35:59.470,2.06084,2.0619,1.05,1.13
2011.01.27 17:35:59.579,2.06084,2.06194,1.05,1.32
2011.01.27 17:35:59.690,2.0608,2.06194,1.13,1.32
2011.01.27 17:36:00.094,2.0608,2.06194,1.13,1.13
2011.01.27 17:36:00.502,2.0608,2.06194,1.13,1.28
2011.01.27 17:36:01.044,2.0608,2.06194,1.13,1.13
2011.01.27 17:36:03.750,2.06076,2.0619,1.13,1.13
2011.01.27 17:36:04.893,2.06079,2.06195,1.13,1.13
2011.01.27 17:36:06.860,2.06079,2.06195,1.13,2.07
2011.01.27 17:36:07.189,2.06067,2.06133,1.05,1.13
2011.01.27 17:36:07.301,2.06064,2.06133,1.13,1.13
2011.01.27 17:36:08.170,2.06064,2.06133,1.32,1.13
2011.01.27 17:36:08.781,2.0608,2.06185,1.32,1.24
2011.01.27 17:36:09.000,2.0608,2.06194,1.13,1.13
2011.01.27 17:36:14.860,2.0608,2.06194,1.13,2.07
2011.01.27 17:36:15.080,2.0608,2.06193,1.13,1.39
2011.01.27 17:36:15.190,2.0607,2.06187,1.05,1.32
2011.01.27 17:36:18.431,2.0607,2.06191,1.05,1.13
2011.01.27 17:36:18.540,2.06079,2.06195,1.13,2.63
2011.01.27 17:36:20.579,2.06079,2.06195,1.13,1.32
2011.01.27 17:36:20.799,2.06074,2.0619,1.05,1.32
2011.01.27 17:36:21.239,2.06071,2.0619,1.05,1.32
2011.01.27 17:36:21.785,2.0607,2.0619,1.05,1.32
2011.01.27 17:36:22.441,2.0607,2.0619,1.05,1.13
2011.01.27 17:36:32.349,2.0607,2.06193,1.05,1.24
2011.01.27 17:36:32.888,2.0607,2.0619,1.05,1.13
2011.01.27 17:36:44.172,2.0607,2.06193,1.05,1.24
2011.01.27 17:36:44.281,2.06091,2.06193,1.05,1.05
2011.01.27 17:36:45.034,2.0611,2.06193,1.13,1.05
2011.01.27 17:36:45.143,2.0611,2.06206,1.13,1.13
2011.01.27 17:36:45.950,2.0611,2.06203,1.13,1.09
2011.01.27 17:36:46.060,2.06083,2.06199,1.05,2.07
2011.01.27 17:36:46.931,2.06083,2.06191,1.05,1.32
2011.01.27 17:36:48.590,2.06088,2.06204,1.05,1.32
2011.01.27 17:36:49.471,2.06072,2.06197,2.18,1.24
2011.01.27 17:36:49.690,2.06072,2.06197,3.23,1.05
2011.01.27 17:36:49.973,2.06075,2.062,1.05,1.05
2011.01.27 17:37:07.131,2.0608,2.06203,1.05,1.05
2011.01.27 17:37:08.969,2.06077,2.06189,1.13,1.05
2011.01.27 17:37:09.083,2.06066,2.06189,1.05,1.05
2011.01.27 17:37:11.655,2.06065,2.06186,1.13,1.05
2011.01.27 17:37:11.776,2.06066,2.06189,1.05,1.05
2011.01.27 17:37:13.370,2.06065,2.06184,1.13,1.05
2011.01.27 17:37:15.860,2.06065,2.06182,1.13,1.05
2011.01.27 17:37:16.911,2.06065,2.06184,1.13,1.05
2011.01.27 17:37:17.889,2.06065,2.06183,1.13,1.05
2011.01.27 17:37:18.001,2.0606,2.06183,2.18,1.62
2011.01.27 17:37:18.329,2.06058,2.06154,1.13,1.13
2011.01.27 17:37:28.553,2.06058,2.06154,1.13,1.32
2011.01.27 17:37:28.661,2.06046,2.06147,1.05,1.13
2011.01.27 17:37:28.770,2.06044,2.06147,1.05,1.13
2011.01.27 17:37:28.991,2.06081,2.06158,1.13,1.13
2011.01.27 17:37:29.812,2.0608,2.06148,1.13,1.13
2011.01.27 17:37:29.922,2.06051,2.06135,1.05,1.13
2011.01.27 17:37:30.030,2.06051,2.06135,1.05,2.07
2011.01.27 17:37:30.744,2.06037,2.06135,1.13,2.07
2011.01.27 17:37:30.861,2.06037,2.06135,1.13,1.32
2011.01.27 17:37:32.297,2.06037,2.06135,1.13,1.47
2011.01.27 17:37:32.412,2.06037,2.06135,1.13,1.32
2011.01.27 17:37:33.541,2.06037,2.06135,1.13,1.47
2011.01.27 17:37:34.204,2.06037,2.06135,1.13,1.32
2011.01.27 17:37:34.845,2.06037,2.06135,1.13,1.47
2011.01.27 17:37:39.474,2.06032,2.06127,1.13,1.13
2011.01.27 17:37:39.811,2.06037,2.06135,1.13,1.39
2011.01.27 17:37:40.030,2.06037,2.06135,1.13,1.13
2011.01.27 17:37:40.604,2.06045,2.06135,1.05,1.13
2011.01.27 17:37:40.724,2.06037,2.06135,1.13,1.13
2011.01.27 17:37:41.061,2.06035,2.06128,1.05,1.13
2011.01.27 17:37:41.171,2.06031,2.06128,2.18,1.13
2011.01.27 17:37:43.341,2.06038,2.06134,1.13,1.13
2011.01.27 17:37:47.073,2.06038,2.06134,1.13,1.28
2011.01.27 17:37:47.480,2.06038,2.06132,1.13,1.09
2011.01.27 17:37:47.590,2.06011,2.06128,1.13,1.05
2011.01.27 17:37:48.332,2.06019,2.06114,1.13,1.13
2011.01.27 17:37:48.549,2.06022,2.06122,1.13,1.05
2011.01.27 17:37:48.659,2.06022,2.06128,1.13,1.05
2011.01.27 17:37:49.451,2.06022,2.06138,1.13,1.32
2011.01.27 17:37:49.563,2.06022,2.06138,1.13,1.13
2011.01.27 17:37:53.391,2.06036,2.06138,1.05,1.13
2011.01.27 17:37:54.146,2.06034,2.06149,1.13,1.32
2011.01.27 17:37:54.260,2.06033,2.06142,1.05,1.13
2011.01.27 17:37:55.423,2.06028,2.06138,1.05,1.13
2011.01.27 17:37:55.919,2.06029,2.06138,1.05,1.13
2011.01.27 17:37:56.931,2.06029,2.06146,1.05,1.32
2011.01.27 17:37:57.704,2.06019,2.0613,1.05,1.13
2011.01.27 17:37:59.697,2.06017,2.0613,1.05,1.13
2011.01.27 17:38:02.161,2.06017,2.0613,1.24,1.13
2011.01.27 17:38:02.489,2.06044,2.06142,1.13,1.13
2011.01.27 17:38:05.105,2.06049,2.06145,1.13,1.28
2011.01.27 17:38:05.220,2.06049,2.06145,1.13,1.13
2011.01.27 17:38:13.950,2.06056,2.06151,1.13,1.32
2011.01.27 17:38:14.950,2.06056,2.06135,1.13,1.05
2011.01.27 17:38:15.281,2.06063,2.06135,1.13,1.05
2011.01.27 17:38:15.390,2.06063,2.06139,1.13,1.05
2011.01.27 17:38:15.983,2.06063,2.06143,1.13,1.05
2011.01.27 17:38:16.090,2.06066,2.06138,1.13,1.05
2011.01.27 17:38:16.200,2.06053,2.06132,1.13,1.13
2011.01.27 17:38:17.053,2.06043,2.06128,1.13,1.13
2011.01.27 17:38:17.270,2.06047,2.06139,1.13,1.05
2011.01.27 17:38:17.871,2.06047,2.06133,1.13,1.05
2011.01.27 17:38:17.980,2.06047,2.06151,1.13,1.13
2011.01.27 17:38:18.090,2.06047,2.06141,1.13,1.05
2011.01.27 17:38:19.032,2.0605,2.06141,1.13,1.05
2011.01.27 17:38:19.571,2.0605,2.06143,1.13,1.05
2011.01.27 17:38:19.790,2.0605,2.0614,1.13,1.05
2011.01.27 17:38:20.330,2.0605,2.06136,1.13,1.05
2011.01.27 17:38:20.440,2.06047,2.06136,1.13,1.05
2011.01.27 17:38:20.660,2.06044,2.06136,1.13,1.05
2011.01.27 17:38:21.360,2.06044,2.06142,1.13,1.13
2011.01.27 17:38:23.018,2.06048,2.0615,1.13,1.13
2011.01.27 17:38:23.132,2.06056,2.06154,1.13,1.28
2011.01.27 17:38:23.849,2.06058,2.06154,1.13,1.13
2011.01.27 17:38:26.023,2.06065,2.0616,1.13,1.13
2011.01.27 17:38:26.779,2.06061,2.06138,1.13,1.13
2011.01.27 17:38:29.839,2.0605,2.06136,1.13,1.13
2011.01.27 17:38:29.950,2.06061,2.06138,1.13,1.13
2011.01.27 17:38:31.612,2.06062,2.06151,1.13,1.32
2011.01.27 17:38:32.230,2.06053,2.06132,1.13,1.13
2011.01.27 17:38:33.652,2.06053,2.06132,1.13,1.32
2011.01.27 17:38:33.760,2.06031,2.06128,1.13,1.32
2011.01.27 17:38:35.541,2.06039,2.06135,1.13,1.47
2011.01.27 17:38:36.122,2.06038,2.06136,2.18,1.32
2011.01.27 17:38:38.381,2.06038,2.06136,2.18,1.13
2011.01.27 17:38:38.710,2.06046,2.06141,1.13,1.13
2011.01.27 17:38:39.497,2.06039,2.06136,1.05,1.13
2011.01.27 17:38:40.240,2.06051,2.06147,1.13,1.43
2011.01.27 17:38:40.460,2.06046,2.06144,1.13,1.20
2011.01.27 17:38:41.022,2.06047,2.06143,1.13,1.28
2011.01.27 17:38:47.161,2.06045,2.0614,1.13,1.13
2011.01.27 17:38:48.762,2.06032,2.06137,1.05,1.32
2011.01.27 17:38:54.818,2.06035,2.0614,1.05,1.32
2011.01.27 17:38:55.301,2.06035,2.0614,1.05,2.07
2011.01.27 17:38:55.630,2.06018,2.06095,1.13,1.13
2011.01.27 17:39:01.104,2.06018,2.06095,1.13,1.20
2011.01.27 17:39:06.310,2.06014,2.06091,1.13,1.13
2011.01.27 17:39:25.369,2.06018,2.061,1.13,1.20
2011.01.27 17:39:25.480,2.06018,2.061,1.13,1.05
2011.01.27 17:39:26.234,2.06018,2.06101,1.13,1.13
2011.01.27 17:39:26.354,2.06026,2.06105,1.13,1.13
2011.01.27 17:39:26.471,2.06031,2.06114,1.13,1.13
2011.01.27 17:39:26.581,2.06029,2.06106,1.13,1.13
2011.01.27 17:39:41.121,2.0604,2.06119,1.13,1.13
2011.01.27 17:39:46.822,2.06031,2.06114,1.13,1.13
2011.01.27 17:39:46.938,2.06045,2.06115,1.13,1.13
2011.01.27 17:39:49.182,2.06049,2.06125,1.13,1.13
2011.01.27 17:39:52.402,2.06046,2.06114,1.13,1.13
2011.01.27 17:40:04.641,2.06039,2.06108,1.13,1.13
2011.01.27 17:40:04.862,2.06046,2.06114,1.13,1.13
2011.01.27 17:40:08.211,2.0604,2.06107,1.13,1.13
2011.01.27 17:40:08.332,2.06045,2.06115,1.13,1.13
2011.01.27 17:40:09.391,2.06045,2.06115,1.13,2.07
2011.01.27 17:40:09.506,2.06026,2.06105,1.13,1.13
2011.01.27 17:40:09.731,2.06029,2.06106,1.13,1.13
2011.01.27 17:40:11.970,2.06023,2.061,1.13,1.13
2011.01.27 17:40:12.629,2.06024,2.06101,1.13,1.13
2011.01.27 17:40:14.699,2.06036,2.06115,1.13,3.04
2011.01.27 17:40:18.470,2.06023,2.06102,1.13,1.13
2011.01.27 17:40:19.294,2.06022,2.06101,1.13,1.13
2011.01.27 17:40:19.741,2.0603,2.06109,1.13,1.32
2011.01.27 17:40:20.661,2.0603,2.06109,1.13,1.13
2011.01.27 17:40:28.390,2.06052,2.06128,1.13,1.05
2011.01.27 17:40:28.502,2.06045,2.06128,1.13,1.05
2011.01.27 17:40:28.720,2.06045,2.06131,1.13,1.13
2011.01.27 17:40:29.313,2.06058,2.06137,1.13,1.13
2011.01.27 17:40:30.880,2.06058,2.06137,1.13,1.43
2011.01.27 17:40:31.083,2.06058,2.06137,1.13,1.13
2011.01.27 17:40:36.331,2.06058,2.06137,1.13,1.43
2011.01.27 17:40:38.260,2.06055,2.06132,1.13,1.28
2011.01.27 17:40:38.370,2.06053,2.0613,1.13,1.13
2011.01.27 17:40:38.481,2.06058,2.06137,1.13,1.13
2011.01.27 17:40:45.231,2.06058,2.06136,1.13,1.02
2011.01.27 17:40:45.341,2.0604,2.06119,1.13,1.13
2011.01.27 17:40:45.450,2.06054,2.06133,1.13,1.32
2011.01.27 17:40:45.944,2.06054,2.06133,1.13,1.13
2011.01.27 17:40:46.560,2.06054,2.06133,1.13,1.32
2011.01.27 17:40:47.323,2.06046,2.0613,1.13,1.13
2011.01.27 17:40:47.652,2.06066,2.06145,1.13,2.07
2011.01.27 17:40:49.511,2.06059,2.06136,1.13,1.32
2011.01.27 17:40:49.731,2.06066,2.06145,1.13,2.07
2011.01.27 17:40:50.592,2.06059,2.06136,1.13,1.32
2011.01.27 17:40:51.931,2.06054,2.06133,1.13,1.13
2011.01.27 17:40:59.551,2.06054,2.06133,1.32,1.13
2011.01.27 17:40:59.660,2.06062,2.06161,1.13,1.05
2011.01.27 17:40:59.771,2.06062,2.06177,1.13,1.05
2011.01.27 17:41:00.100,2.06062,2.06179,1.13,2.37
2011.01.27 17:41:03.996,2.06065,2.06179,1.13,2.37
2011.01.27 17:41:04.921,2.06062,2.06179,1.13,2.18
2011.01.27 17:41:05.434,2.06067,2.06179,1.05,1.13
2011.01.27 17:41:05.761,2.06112,2.06209,1.13,1.13
2011.01.27 17:41:06.491,2.0612,2.0622,1.13,1.05
2011.01.27 17:41:06.601,2.0612,2.06232,1.13,1.62
2011.01.27 17:41:07.142,2.06121,2.06218,1.13,1.13
2011.01.27 17:41:07.643,2.06128,2.06224,1.13,1.13
2011.01.27 17:41:08.722,2.06127,2.06225,1.13,1.13
2011.01.27 17:41:10.312,2.06127,2.06224,1.13,1.05
2011.01.27 17:41:11.187,2.06132,2.06224,1.13,1.05
2011.01.27 17:41:12.090,2.06132,2.0623,1.13,1.13
2011.01.27 17:41:12.200,2.06127,2.06225,1.13,1.28
2011.01.27 17:41:12.779,2.06133,2.06224,1.13,1.20
2011.01.27 17:41:12.890,2.06128,2.06224,1.13,2.33
2011.01.27 17:41:13.000,2.06133,2.06224,1.13,1.20
2011.01.27 17:41:13.790,2.06133,2.06224,1.13,1.05
2011.01.27 17:41:14.011,2.06126,2.06221,1.13,1.13
2011.01.27 17:41:14.801,2.0613,2.06224,1.13,1.05
2011.01.27 17:41:14.909,2.06125,2.06222,1.13,1.13
2011.01.27 17:41:15.451,2.06123,2.06219,1.13,1.13
2011.01.27 17:41:16.243,2.06129,2.06229,2.37,1.13
2011.01.27 17:41:16.355,2.06148,2.06252,1.13,1.05
2011.01.27 17:41:16.582,2.06148,2.06257,1.13,1.05
2011.01.27 17:41:17.703,2.06153,2.06254,1.13,1.05
2011.01.27 17:41:18.365,2.06147,2.06241,1.13,1.05
2011.01.27 17:41:18.485,2.0614,2.06261,1.05,1.05
2011.01.27 17:41:18.710,2.06138,2.06261,1.05,1.05
2011.01.27 17:41:21.971,2.06141,2.06261,1.13,1.05
2011.01.27 17:41:22.372,2.06145,2.0627,1.05,1.05
2011.01.27 17:41:24.030,2.06142,2.06262,1.05,1.05
2011.01.27 17:41:24.359,2.06149,2.06262,1.13,1.05
2011.01.27 17:41:25.650,2.06141,2.06233,1.13,1.13
2011.01.27 17:41:26.091,2.0613,2.06231,1.13,1.13
2011.01.27 17:41:26.310,2.06125,2.06218,1.13,1.13
2011.01.27 17:41:30.682,2.06131,2.0624,1.13,3.12
2011.01.27 17:41:30.792,2.06131,2.0624,1.13,1.24
2011.01.27 17:41:30.902,2.06131,2.0624,1.13,3.12
2011.01.27 17:41:31.230,2.06141,2.06233,1.13,1.13
2011.01.27 17:41:38.412,2.06149,2.06239,1.13,1.32
2011.01.27 17:41:39.027,2.06146,2.06222,1.13,1.13
2011.01.27 17:41:39.140,2.0613,2.06217,1.05,1.13
2011.01.27 17:41:39.734,2.06136,2.06219,1.13,1.13
2011.01.27 17:41:41.521,2.06139,2.06243,1.13,1.32
2011.01.27 17:41:42.152,2.06144,2.06232,1.13,1.13
2011.01.27 17:41:42.482,2.06158,2.06248,1.13,1.13
2011.01.27 17:41:43.191,2.06151,2.06244,1.13,1.13
2011.01.27 17:41:43.460,2.06146,2.06244,1.13,1.13
2011.01.27 17:41:43.688,2.0615,2.06245,1.13,1.13
2011.01.27 17:41:43.910,2.06147,2.06243,1.13,1.13
2011.01.27 17:41:44.131,2.06145,2.06241,1.13,1.13
2011.01.27 17:41:44.733,2.0615,2.06245,1.13,1.13
2011.01.27 17:41:46.666,2.06147,2.06221,1.13,1.13
2011.01.27 17:41:46.780,2.0613,2.06214,1.05,1.13
2011.01.27 17:41:46.890,2.06126,2.06214,1.05,1.13
2011.01.27 17:41:47.001,2.06126,2.06218,1.05,1.13
2011.01.27 17:41:48.132,2.06129,2.06219,1.13,1.13
2011.01.27 17:41:48.461,2.06124,2.06217,2.18,1.13
2011.01.27 17:41:48.574,2.06127,2.06217,1.05,1.13
2011.01.27 17:41:48.849,2.06124,2.06217,2.18,1.13
2011.01.27 17:41:50.291,2.0613,2.06218,1.13,1.13
2011.01.27 17:41:54.262,2.06126,2.06195,1.13,1.13
2011.01.27 17:41:54.857,2.06128,2.06198,1.13,1.13
2011.01.27 17:41:54.973,2.06135,2.06218,1.13,1.13
2011.01.27 17:41:55.191,2.06146,2.0622,1.13,1.13
2011.01.27 17:41:56.725,2.06148,2.0624,1.05,2.07
2011.01.27 17:41:56.952,2.06158,2.06234,1.13,1.13
2011.01.27 17:41:57.921,2.06158,2.06234,1.13,2.07
2011.01.27 17:41:58.030,2.06114,2.06225,1.13,1.32
2011.01.27 17:41:58.140,2.06114,2.06225,1.32,1.13
2011.01.27 17:41:58.680,2.06136,2.06229,1.13,1.13
2011.01.27 17:41:59.409,2.06139,2.06232,1.13,1.32
2011.01.27 17:42:03.379,2.06147,2.06235,1.13,1.32
2011.01.27 17:42:03.485,2.06154,2.06254,1.13,1.05
2011.01.27 17:42:03.820,2.06154,2.06256,1.13,2.18
2011.01.27 17:42:04.780,2.0615,2.06254,1.13,1.13
2011.01.27 17:42:05.762,2.06161,2.06255,1.13,1.13
2011.01.27 17:42:07.704,2.0615,2.06254,1.13,1.13
2011.01.27 17:42:09.960,2.06144,2.06234,1.13,1.13
2011.01.27 17:42:10.701,2.06136,2.06229,1.13,1.13
2011.01.27 17:42:10.921,2.06142,2.06241,1.13,1.24
2011.01.27 17:42:11.031,2.06124,2.06228,1.13,1.13
2011.01.27 17:42:11.250,2.06137,2.06241,1.13,1.13
2011.01.27 17:42:11.581,2.06123,2.06217,1.13,1.13
2011.01.27 17:42:13.231,2.06118,2.06195,1.13,1.13
2011.01.27 17:42:13.872,2.0611,2.06193,1.13,1.13
2011.01.27 17:42:14.200,2.06119,2.06194,1.13,1.13
2011.01.27 17:42:14.531,2.06128,2.06211,1.13,1.13
2011.01.27 17:42:14.641,2.06144,2.06221,1.13,1.32
2011.01.27 17:42:15.158,2.06132,2.06207,1.13,1.13
2011.01.27 17:42:15.271,2.0612,2.06206,1.13,1.13
2011.01.27 17:42:17.676,2.06118,2.06195,1.13,1.13
2011.01.27 17:42:17.794,2.06127,2.06212,1.13,1.13
2011.01.27 17:42:17.901,2.06141,2.0621,1.13,1.13
2011.01.27 17:42:18.012,2.06145,2.0622,1.13,1.32
2011.01.27 17:42:19.127,2.06145,2.0622,1.13,1.13
2011.01.27 17:42:19.770,2.06145,2.0622,1.13,1.32
2011.01.27 17:42:19.990,2.06127,2.06212,1.13,1.13
2011.01.27 17:42:20.099,2.06144,2.06221,1.13,1.13
2011.01.27 17:42:21.920,2.06146,2.06232,1.13,1.32
2011.01.27 17:42:22.140,2.06147,2.06217,1.13,1.13
2011.01.27 17:42:22.250,2.0614,2.06211,1.13,1.13
2011.01.27 17:42:23.292,2.06131,2.06208,1.13,1.13
2011.01.27 17:42:32.184,2.06127,2.06185,1.13,1.13
2011.01.27 17:42:32.511,2.06127,2.06184,1.13,1.32
2011.01.27 17:42:32.840,2.06172,2.06221,1.13,1.13
2011.01.27 17:42:33.458,2.06172,2.06203,1.13,1.32
2011.01.27 17:42:33.575,2.06126,2.06177,1.13,1.13
2011.01.27 17:42:37.982,2.06129,2.06187,1.13,1.13
2011.01.27 17:42:38.641,2.06133,2.06184,1.13,1.13
2011.01.27 17:42:39.363,2.0613,2.06186,1.13,1.13
2011.01.27 17:42:39.971,2.06126,2.06177,1.13,1.13
2011.01.27 17:42:40.562,2.06129,2.06187,1.13,1.32
2011.01.27 17:42:44.850,2.06129,2.06187,1.13,1.13
2011.01.27 17:42:47.881,2.0613,2.06186,1.13,1.13
2011.01.27 17:42:48.754,2.06126,2.06177,1.13,1.13
2011.01.27 17:42:51.977,2.06123,2.06175,1.13,1.13
2011.01.27 17:42:58.901,2.06114,2.06172,1.13,1.13
2011.01.27 17:43:01.951,2.06117,2.06182,1.13,1.13
2011.01.27 17:43:02.060,2.06115,2.06171,1.13,1.13
2011.01.27 17:43:02.467,2.06123,2.06175,1.13,1.13
2011.01.27 17:43:02.690,2.06127,2.06184,1.13,1.13
2011.01.27 17:43:03.791,2.06128,2.06184,1.13,1.13
2011.01.27 17:43:04.646,2.06137,2.06187,1.13,1.13
2011.01.27 17:43:04.764,2.06127,2.06185,1.13,1.13
2011.01.27 17:43:07.790,2.06127,2.06186,1.13,1.13
2011.01.27 17:43:09.683,2.06134,2.06232,1.13,1.13
2011.01.27 17:43:09.794,2.06131,2.06242,1.13,1.05
2011.01.27 17:43:10.010,2.06131,2.06251,1.13,1.24
2011.01.27 17:43:10.591,2.06138,2.06251,1.13,1.24
2011.01.27 17:43:10.700,2.06138,2.06251,1.13,1.05
2011.01.27 17:43:11.981,2.06143,2.06251,1.13,1.05
2011.01.27 17:43:16.847,2.06143,2.0625,1.13,1.05
2011.01.27 17:43:17.591,2.06149,2.06267,1.13,1.24
2011.01.27 17:43:17.700,2.06167,2.06267,1.13,1.24
2011.01.27 17:43:18.356,2.06144,2.06252,1.13,1.05
2011.01.27 17:43:18.581,2.06144,2.06254,1.13,1.05
2011.01.27 17:43:18.801,2.06144,2.06267,1.13,1.13
2011.01.27 17:43:18.910,2.06167,2.06268,1.13,1.05
2011.01.27 17:43:20.690,2.06145,2.06266,1.13,1.32
2011.01.27 17:43:21.219,2.06145,2.06258,1.13,1.05
2011.01.27 17:43:22.092,2.0615,2.06268,1.13,1.32
2011.01.27 17:43:30.511,2.0615,2.06248,1.13,1.32
2011.01.27 17:43:31.212,2.06137,2.06199,1.13,1.13
2011.01.27 17:43:39.431,2.06151,2.06202,1.13,1.13
2011.01.27 17:43:39.819,2.06138,2.06198,1.13,1.13
2011.01.27 17:43:46.214,2.0614,2.06209,1.13,1.13
2011.01.27 17:43:50.077,2.0614,2.06209,1.13,2.07
2011.01.27 17:43:50.191,2.06133,2.06193,1.13,1.13
2011.01.27 17:43:50.302,2.06133,2.06193,1.13,2.07
2011.01.27 17:43:50.633,2.0609,2.0618,1.13,1.13
2011.01.27 17:43:50.851,2.06114,2.06183,1.13,1.32
2011.01.27 17:43:51.541,2.06106,2.06166,1.13,1.13
2011.01.27 17:43:54.399,2.06114,2.06183,1.13,1.13
2011.01.27 17:43:55.680,2.06112,2.06172,1.13,1.13
2011.01.27 17:44:00.520,2.06111,2.06173,1.13,1.13
2011.01.27 17:44:00.941,2.06123,2.06176,1.13,1.13
2011.01.27 17:44:09.342,2.06128,2.06186,1.13,1.13
2011.01.27 17:44:09.452,2.06119,2.06184,1.13,1.13
2011.01.27 17:44:09.561,2.0613,2.06186,1.13,1.13
2011.01.27 17:44:10.470,2.06137,2.0619,1.13,1.13
2011.01.27 17:44:12.597,2.06131,2.06184,1.13,1.13
2011.01.27 17:44:12.714,2.0613,2.06186,1.13,1.13
2011.01.27 17:44:14.223,2.06117,2.06187,1.13,1.13
2011.01.27 17:44:18.512,2.06122,2.06195,1.13,1.13
2011.01.27 17:44:19.583,2.0615,2.06222,1.13,1.32
2011.01.27 17:44:20.841,2.06106,2.06214,1.05,2.07
2011.01.27 17:44:21.416,2.06128,2.06217,1.13,2.07
2011.01.27 17:44:21.534,2.06128,2.06217,1.13,1.13
2011.01.27 17:44:24.542,2.0614,2.0623,1.13,1.32
2011.01.27 17:44:26.782,2.06115,2.06216,1.13,1.13
2011.01.27 17:44:28.556,2.06108,2.0617,1.13,1.13
2011.01.27 17:44:28.893,2.06153,2.06207,1.13,1.13
2011.01.27 17:44:29.002,2.06107,2.06171,1.13,1.13
2011.01.27 17:44:29.581,2.06105,2.06167,1.13,1.13
2011.01.27 17:44:30.176,2.06102,2.06157,1.13,1.13
2011.01.27 17:44:30.514,2.06099,2.06152,1.13,1.13
2011.01.27 17:44:31.104,2.06087,2.06144,1.13,1.13
2011.01.27 17:44:31.472,2.06078,2.06141,1.13,1.13
2011.01.27 17:44:33.969,2.06087,2.06144,1.13,1.13
2011.01.27 17:44:36.160,2.06096,2.06163,1.13,1.05
2011.01.27 17:44:36.273,2.06096,2.06187,1.13,1.24
2011.01.27 17:44:36.491,2.061,2.06187,1.13,1.05
2011.01.27 17:44:36.602,2.061,2.06203,1.13,1.99
2011.01.27 17:44:36.826,2.061,2.06203,1.13,1.05
2011.01.27 17:44:37.568,2.06103,2.06212,1.13,1.05
2011.01.27 17:44:37.921,2.06103,2.06202,1.13,1.05
2011.01.27 17:44:38.160,2.061,2.06202,1.13,1.05
2011.01.27 17:44:43.060,2.06099,2.06202,1.13,1.05
2011.01.27 17:44:43.280,2.06087,2.06202,1.28,1.05
2011.01.27 17:44:43.500,2.06099,2.06202,1.13,1.05
2011.01.27 17:44:52.551,2.06099,2.06205,1.13,1.05
2011.01.27 17:44:52.772,2.06099,2.06212,1.13,1.13
2011.01.27 17:44:52.881,2.06102,2.06214,1.13,1.05
2011.01.27 17:44:53.418,2.06099,2.06212,1.13,1.13
2011.01.27 17:44:53.963,2.06099,2.06207,1.13,1.05
2011.01.27 17:44:57.311,2.06087,2.06202,1.28,1.05
2011.01.27 17:44:57.532,2.06095,2.06202,1.13,1.05
2011.01.27 17:44:58.192,2.061,2.06202,1.13,1.05
2011.01.27 17:44:58.305,2.061,2.06207,1.13,1.05
2011.01.27 17:45:00.511,2.061,2.06203,1.13,1.05
2011.01.27 17:45:01.613,2.061,2.06206,1.13,1.05
2011.01.27 17:45:01.892,2.061,2.06202,1.13,1.05
2011.01.27 17:45:02.655,2.06088,2.06202,1.13,1.05
2011.01.27 17:45:02.763,2.061,2.06206,1.13,1.05
2011.01.27 17:45:03.782,2.06087,2.06203,1.28,1.05
2011.01.27 17:45:04.561,2.06087,2.06203,1.20,1.05
2011.01.27 17:45:04.781,2.06086,2.06198,1.20,1.13
2011.01.27 17:45:05.352,2.06095,2.06201,1.13,1.05
2011.01.27 17:45:05.938,2.06088,2.06202,1.20,1.05
2011.01.27 17:45:06.321,2.06086,2.06198,1.20,1.13
2011.01.27 17:45:06.931,2.06095,2.06201,1.28,1.05
2011.01.27 17:45:07.924,2.06095,2.06201,1.13,1.05
2011.01.27 17:45:10.591,2.06099,2.06203,1.13,1.05
2011.01.27 17:45:14.554,2.0609,2.06205,1.13,1.05
2011.01.27 17:45:15.343,2.06098,2.06205,1.13,1.05
2011.01.27 17:45:15.452,2.06098,2.06207,1.13,1.05
2011.01.27 17:45:20.634,2.06088,2.06203,1.39,1.05
2011.01.27 17:45:23.030,2.0611,2.06203,1.13,1.05
2011.01.27 17:45:23.141,2.0611,2.06214,1.13,1.13
2011.01.27 17:45:23.635,2.06134,2.06217,1.13,1.13
2011.01.27 17:45:24.687,2.06133,2.06218,1.13,1.13
2011.01.27 17:45:25.021,2.06131,2.06207,1.13,1.13
2011.01.27 17:45:26.972,2.06131,2.06204,1.13,1.13
2011.01.27 17:45:27.528,2.06136,2.06238,1.32,1.05
2011.01.27 17:45:27.645,2.06136,2.06228,1.32,1.13
2011.01.27 17:45:28.613,2.06136,2.06228,1.28,1.13
2011.01.27 17:45:31.042,2.06136,2.06211,1.13,1.05
2011.01.27 17:45:31.150,2.0612,2.06215,1.13,1.13
2011.01.27 17:45:31.262,2.06118,2.06206,1.13,1.13
2011.01.27 17:45:31.843,2.06117,2.06207,1.13,1.13
2011.01.27 17:45:31.951,2.06123,2.06215,1.13,1.05
2011.01.27 17:45:32.171,2.06123,2.06224,1.13,1.05
2011.01.27 17:45:33.314,2.06123,2.06223,1.13,1.05
2011.01.27 17:45:34.815,2.06122,2.06223,1.13,1.05
2011.01.27 17:45:36.173,2.0613,2.06225,1.13,1.13
2011.01.27 17:45:37.762,2.0612,2.06215,1.13,1.13
2011.01.27 17:45:40.630,2.06115,2.06214,1.13,1.13
2011.01.27 17:45:41.314,2.06114,2.06202,1.13,1.13
2011.01.27 17:45:41.531,2.06124,2.06215,1.13,1.13
2011.01.27 17:45:42.087,2.06125,2.06224,1.13,1.05
2011.01.27 17:45:43.601,2.06125,2.06227,1.13,1.13
2011.01.27 17:45:43.711,2.06121,2.06221,1.13,1.13
2011.01.27 17:45:45.004,2.06117,2.06219,1.28,1.13
2011.01.27 17:45:45.735,2.06132,2.0621,1.13,1.13
2011.01.27 17:45:46.061,2.06127,2.06204,1.13,1.13
2011.01.27 17:45:47.121,2.06103,2.06201,1.32,1.13
2011.01.27 17:45:48.164,2.06103,2.06201,1.13,1.13
2011.01.27 17:45:50.922,2.06111,2.06208,1.13,1.13
2011.01.27 17:45:51.533,2.06104,2.06208,1.13,1.13
2011.01.27 17:45:52.123,2.06103,2.06201,1.13,1.13
2011.01.27 17:45:53.372,2.06102,2.06197,1.13,1.13
2011.01.27 17:45:54.004,2.06103,2.06196,1.13,1.13
2011.01.27 17:45:54.330,2.06105,2.06207,1.13,1.13
2011.01.27 17:45:58.234,2.06105,2.06202,1.13,1.05
2011.01.27 17:45:58.561,2.0608,2.06193,1.13,1.13
2011.01.27 17:45:59.275,2.06079,2.06181,1.32,1.13
2011.01.27 17:45:59.381,2.0608,2.06193,2.18,1.13
2011.01.27 17:46:00.676,2.06092,2.06194,1.13,1.13
2011.01.27 17:46:02.443,2.06092,2.06194,1.32,1.13
2011.01.27 17:46:03.082,2.06115,2.06198,1.13,1.13
2011.01.27 17:46:03.432,2.06113,2.06187,1.13,1.13
2011.01.27 17:46:05.211,2.06089,2.06184,1.32,1.13
2011.01.27 17:46:06.242,2.06089,2.06184,1.13,1.13
2011.01.27 17:46:08.945,2.06078,2.06182,1.32,1.13
2011.01.27 17:46:09.063,2.06079,2.06181,1.32,1.13
2011.01.27 17:46:09.280,2.0609,2.06184,1.13,1.13
2011.01.27 17:46:10.005,2.06081,2.06181,1.13,1.13
2011.01.27 17:46:11.292,2.06081,2.06181,1.43,1.13
2011.01.27 17:46:11.401,2.06081,2.06181,1.13,1.13
2011.01.27 17:46:11.951,2.06079,2.06181,1.32,1.13
2011.01.27 17:46:13.470,2.06089,2.06184,1.13,1.13
2011.01.27 17:46:14.524,2.06079,2.06181,1.32,1.13
2011.01.27 17:46:16.276,2.06077,2.0617,1.39,1.13
2011.01.27 17:46:16.501,2.0609,2.06184,1.13,1.13
2011.01.27 17:46:17.681,2.06078,2.06182,1.32,1.13
2011.01.27 17:46:18.555,2.06101,2.06186,1.13,1.13
2011.01.27 17:46:20.911,2.06113,2.06188,1.13,1.13
2011.01.27 17:46:22.932,2.0609,2.06184,1.13,1.13
2011.01.27 17:46:23.963,2.06101,2.06189,1.13,1.13
2011.01.27 17:46:25.921,2.06097,2.06166,1.13,1.13
2011.01.27 17:46:26.571,2.06087,2.0616,1.13,1.13
2011.01.27 17:46:28.317,2.06097,2.06166,1.13,1.13
2011.01.27 17:46:29.147,2.06179,2.06221,1.13,1.13
2011.01.27 17:46:29.373,2.06112,2.06166,1.13,1.13
2011.01.27 17:46:29.482,2.06112,2.06166,1.13,1.32
2011.01.27 17:46:30.114,2.06083,2.0616,1.13,1.13
2011.01.27 17:46:32.873,2.06097,2.06169,1.13,1.13
2011.01.27 17:46:34.114,2.06075,2.06158,1.13,1.13
2011.01.27 17:46:37.372,2.06081,2.06159,1.13,1.13
2011.01.27 17:46:39.242,2.06085,2.06182,1.13,1.13
2011.01.27 17:46:39.462,2.06094,2.06199,1.13,1.24
2011.01.27 17:46:40.032,2.06092,2.06195,1.13,2.37
2011.01.27 17:46:40.147,2.06094,2.06206,1.13,1.13
2011.01.27 17:46:40.262,2.06103,2.06196,1.13,1.13
2011.01.27 17:46:40.482,2.06093,2.06194,1.13,1.13
2011.01.27 17:46:41.039,2.06092,2.06194,1.13,1.13
2011.01.27 17:46:41.156,2.06082,2.06193,1.43,1.13
2011.01.27 17:46:41.905,2.06082,2.06193,1.43,1.13
2011.01.27 17:46:42.720,2.06082,2.06193,1.13,1.13
2011.01.27 17:46:42.944,2.06082,2.06193,1.13,1.32
2011.01.27 17:46:43.273,2.06077,2.06159,1.13,1.13
2011.01.27 17:46:43.766,2.06074,2.06149,1.13,1.13
2011.01.27 17:46:43.891,2.06065,2.06147,1.13,1.13
2011.01.27 17:46:44.141,2.06067,2.06157,1.13,1.13
2011.01.27 17:46:44.813,2.06065,2.06147,1.13,1.13
2011.01.27 17:46:44.926,2.06075,2.06158,1.13,1.13
2011.01.27 17:46:46.802,2.0608,2.0616,1.13,1.13
2011.01.27 17:46:46.911,2.06067,2.06157,1.13,1.13
2011.01.27 17:46:48.955,2.06065,2.06147,1.13,1.13
2011.01.27 17:46:49.992,2.0608,2.0616,1.13,1.13
2011.01.27 17:46:51.045,2.06065,2.06156,1.05,1.13
2011.01.27 17:46:51.806,2.06064,2.06156,1.13,1.13
2011.01.27 17:46:51.925,2.06054,2.06167,1.32,1.13
2011.01.27 17:46:52.043,2.06059,2.06167,1.05,1.13
2011.01.27 17:46:52.531,2.06065,2.06169,1.13,1.13
2011.01.27 17:46:52.646,2.06067,2.0618,1.13,1.13
2011.01.27 17:46:53.917,2.06066,2.06168,1.13,1.13
2011.01.27 17:46:54.252,2.06067,2.0618,1.13,1.13
2011.01.27 17:46:55.892,2.06067,2.0618,1.28,1.13
2011.01.27 17:46:56.402,2.06065,2.06161,1.28,1.13
2011.01.27 17:46:56.623,2.06077,2.06175,1.05,1.13
2011.01.27 17:46:57.173,2.06079,2.06175,1.05,1.13
2011.01.27 17:46:57.491,2.06082,2.06157,1.05,1.13
2011.01.27 17:46:58.402,2.06079,2.06157,1.05,1.13
2011.01.27 17:46:58.621,2.06079,2.06169,1.05,1.13
2011.01.27 17:46:59.502,2.06077,2.06169,1.05,1.13
2011.01.27 17:47:00.212,2.06077,2.0617,1.05,1.13
2011.01.27 17:47:00.321,2.06088,2.0617,1.05,1.13
2011.01.27 17:47:00.651,2.06091,2.06183,1.05,1.13
2011.01.27 17:47:01.254,2.06083,2.0618,1.05,1.13
2011.01.27 17:47:01.362,2.06084,2.0617,1.05,1.13
2011.01.27 17:47:01.471,2.06085,2.06181,1.05,1.13
2011.01.27 17:47:02.111,2.0607,2.06181,1.13,1.13
2011.01.27 17:47:03.411,2.06068,2.06179,1.13,1.13
2011.01.27 17:47:05.492,2.06065,2.06178,1.28,1.13
2011.01.27 17:47:08.761,2.06065,2.06166,1.20,1.13
2011.01.27 17:47:09.879,2.06068,2.06166,1.05,1.13
2011.01.27 17:47:10.219,2.06063,2.06166,2.37,1.13
2011.01.27 17:47:11.747,2.06066,2.06177,1.13,1.13
2011.01.27 17:47:12.891,2.06066,2.06177,1.28,1.13
2011.01.27 17:47:13.660,2.06066,2.06177,1.13,1.13
2011.01.27 17:47:13.775,2.06066,2.06177,1.28,1.13
2011.01.27 17:47:14.356,2.06064,2.06165,1.47,1.13
2011.01.27 17:47:14.465,2.06064,2.06165,1.32,1.13
2011.01.27 17:47:14.690,2.06066,2.06177,1.13,1.13
2011.01.27 17:47:16.012,2.06066,2.06177,1.20,1.13
2011.01.27 17:47:16.124,2.06066,2.06177,1.13,1.13
2011.01.27 17:47:17.026,2.06077,2.06178,1.13,1.13
2011.01.27 17:47:19.524,2.06069,2.06177,1.05,1.13
2011.01.27 17:47:20.574,2.06068,2.06178,1.20,1.13
2011.01.27 17:47:25.436,2.06076,2.06179,1.13,1.13
2011.01.27 17:47:26.921,2.06075,2.06167,1.13,1.13
2011.01.27 17:47:27.951,2.06078,2.06169,1.13,1.13
2011.01.27 17:47:28.684,2.06087,2.06175,1.13,1.13
2011.01.27 17:47:29.013,2.06093,2.06181,1.13,1.13
2011.01.27 17:47:29.868,2.06064,2.06153,1.05,1.13
2011.01.27 17:47:29.985,2.06054,2.06153,1.13,1.13
2011.01.27 17:47:32.041,2.06053,2.06136,1.05,1.13
2011.01.27 17:47:32.705,2.06047,2.06142,1.28,1.13
2011.01.27 17:47:32.816,2.06046,2.06139,1.05,1.13
2011.01.27 17:47:35.781,2.06037,2.06139,1.13,1.13
2011.01.27 17:47:36.503,2.06029,2.06117,1.05,1.13
2011.01.27 17:47:36.721,2.06027,2.06117,2.18,1.13
2011.01.27 17:47:36.941,2.06027,2.06115,1.05,1.13
2011.01.27 17:47:37.673,2.06027,2.06115,1.13,1.13
2011.01.27 17:47:37.893,2.06033,2.06127,1.05,1.13
2011.01.27 17:47:38.564,2.06033,2.06115,1.05,1.05
2011.01.27 17:47:39.121,2.06023,2.0611,1.20,1.05
2011.01.27 17:47:39.235,2.06003,2.06091,1.13,1.13
2011.01.27 17:47:39.453,2.05995,2.0609,1.13,1.13
2011.01.27 17:47:39.562,2.05984,2.06088,1.32,1.13
2011.01.27 17:47:39.670,2.06003,2.06106,1.13,1.05
2011.01.27 17:47:40.288,2.06003,2.06113,1.13,1.05
2011.01.27 17:47:40.408,2.05995,2.0609,1.13,1.13
2011.01.27 17:47:41.938,2.05993,2.06081,1.13,1.13
2011.01.27 17:47:42.491,2.05997,2.06101,1.13,1.13
2011.01.27 17:47:43.452,2.06005,2.06102,1.13,1.13
2011.01.27 17:47:45.240,2.06002,2.06092,1.13,1.13
2011.01.27 17:47:45.856,2.05995,2.0609,1.13,1.13
2011.01.27 17:47:45.962,2.05995,2.0609,1.28,1.13
2011.01.27 17:47:46.072,2.05997,2.06101,1.28,1.13
2011.01.27 17:47:47.052,2.06005,2.06102,1.13,1.13
2011.01.27 17:47:48.362,2.06006,2.06101,1.13,1.13
2011.01.27 17:47:50.163,2.05996,2.06085,1.20,1.13
2011.01.27 17:47:50.805,2.06008,2.06103,1.13,1.13
2011.01.27 17:47:50.915,2.06006,2.06101,1.13,1.13
