2017.06.12 09:00:00.128,1.77034,1.77076,1.00,1.00
2017.06.12 09:00:00.179,1.77034,1.77078,1.00,1.00
2017.06.12 09:00:00.687,1.77033,1.77079,1.12,1.00
2017.06.12 09:00:01.362,1.77037,1.7708,1.00,1.00
2017.06.12 09:00:01.669,1.77061,1.77099,1.87,1.37
2017.06.12 09:00:01.720,1.77054,1.771,1.87,1.87
2017.06.12 09:00:01.771,1.77052,1.77098,1.87,1.00
2017.06.12 09:00:01.872,1.77054,1.77096,1.00,1.00
2017.06.12 09:00:02.322,1.77052,1.77096,1.00,1.50
2017.06.12 09:00:02.373,1.77051,1.77094,1.12,1.00
2017.06.12 09:00:02.701,1.77053,1.77094,1.00,1.00
2017.06.12 09:00:03.223,1.77053,1.77095,1.00,1.00
2017.06.12 09:00:04.451,1.77052,1.77095,1.00,1.00
2017.06.12 09:00:06.536,1.77049,1.77093,1.00,1.00
2017.06.12 09:00:07.144,1.77051,1.77095,1.00,1.00
2017.06.12 09:00:07.469,1.77054,1.77097,1.12,1.00
2017.06.12 09:00:07.621,1.77061,1.77105,1.00,1.00
2017.06.12 09:00:08.258,1.77061,1.77106,1.00,1.00
2017.06.12 09:00:08.989,1.77062,1.77107,1.50,1.00
2017.06.12 09:00:09.108,1.77056,1.77097,1.37,1.00
2017.06.12 09:00:09.159,1.77053,1.77097,1.00,1.00
2017.06.12 09:00:09.210,1.77049,1.77095,2.25,1.00
2017.06.12 09:00:09.362,1.77049,1.77094,1.00,1.00
2017.06.12 09:00:09.849,1.77047,1.77093,1.00,1.00
2017.06.12 09:00:10.104,1.77046,1.7709,1.00,1.00
2017.06.12 09:00:10.673,1.77046,1.7709,1.37,1.00
2017.06.12 09:00:10.997,1.77048,1.77091,1.37,1.50
2017.06.12 09:00:11.622,1.77047,1.77092,1.37,1.00
2017.06.12 09:00:12.319,1.77047,1.77093,1.37,1.50
2017.06.12 09:00:12.988,1.77046,1.77092,3.37,1.00
2017.06.12 09:00:13.533,1.77047,1.77091,1.37,1.00
2017.06.12 09:00:13.739,1.77046,1.77091,1.37,1.00
2017.06.12 09:00:13.790,1.77046,1.77091,1.37,1.00
2017.06.12 09:00:14.319,1.77046,1.7709,1.37,1.00
2017.06.12 09:00:14.519,1.77046,1.7709,1.12,1.00
2017.06.12 09:00:14.879,1.77046,1.77092,1.12,1.50
2017.06.12 09:00:18.429,1.77048,1.77092,1.12,1.00
2017.06.12 09:00:18.824,1.77046,1.7709,1.87,1.00
2017.06.12 09:00:19.376,1.77045,1.77089,1.37,1.00
2017.06.12 09:00:20.557,1.77043,1.7708,1.00,1.00
2017.06.12 09:00:20.609,1.77035,1.77078,1.12,1.00
2017.06.12 09:00:20.710,1.77032,1.7707,1.12,1.00
2017.06.12 09:00:20.761,1.77031,1.7707,1.00,1.00
2017.06.12 09:00:20.813,1.77025,1.77069,1.75,1.50
2017.06.12 09:00:20.864,1.77026,1.77069,1.00,1.50
2017.06.12 09:00:20.915,1.77025,1.77066,1.50,1.00
2017.06.12 09:00:21.168,1.77022,1.77065,1.37,1.00
2017.06.12 09:00:24.676,1.77023,1.77067,1.37,1.00
2017.06.12 09:00:27.033,1.77033,1.77069,1.87,1.50
2017.06.12 09:00:27.084,1.7703,1.77072,1.37,1.00
2017.06.12 09:00:27.186,1.77033,1.77077,1.37,1.75
2017.06.12 09:00:27.237,1.77033,1.77077,2.62,1.75
2017.06.12 09:00:27.289,1.77033,1.77076,2.62,1.00
2017.06.12 09:00:27.340,1.77032,1.77072,1.37,1.00
2017.06.12 09:00:27.492,1.77031,1.77071,1.37,1.00
2017.06.12 09:00:28.006,1.77034,1.77076,1.37,1.00
2017.06.12 09:00:28.057,1.77038,1.7708,1.87,1.00
2017.06.12 09:00:28.108,1.77038,1.77083,1.87,1.50
2017.06.12 09:00:28.509,1.77039,1.77079,1.37,1.00
2017.06.12 09:00:28.662,1.77039,1.77079,1.12,1.00
2017.06.12 09:00:28.763,1.77039,1.77079,1.37,1.00
2017.06.12 09:00:28.997,1.77039,1.77079,1.12,1.00
2017.06.12 09:00:29.332,1.77038,1.77077,1.12,1.00
2017.06.12 09:00:29.585,1.77027,1.77071,1.87,1.00
2017.06.12 09:00:30.121,1.77029,1.77072,1.12,1.00
2017.06.12 09:00:31.199,1.77029,1.77072,1.37,1.00
2017.06.12 09:00:31.300,1.7703,1.77075,1.37,1.00
2017.06.12 09:00:32.851,1.77031,1.77075,1.37,1.00
2017.06.12 09:00:33.213,1.77035,1.77078,1.12,1.00
2017.06.12 09:00:33.612,1.77034,1.77076,1.37,1.00
2017.06.12 09:00:33.714,1.77032,1.77075,1.50,1.00
2017.06.12 09:00:34.224,1.77031,1.77074,1.37,1.00
2017.06.12 09:00:34.326,1.77032,1.77076,1.37,1.00
2017.06.12 09:00:34.870,1.77035,1.77075,1.12,1.00
2017.06.12 09:00:35.073,1.77034,1.77077,1.00,1.00
2017.06.12 09:00:35.174,1.77032,1.77077,1.00,1.00
2017.06.12 09:00:35.225,1.77038,1.77076,1.00,1.00
2017.06.12 09:00:35.326,1.7704,1.77079,1.00,1.00
2017.06.12 09:00:35.428,1.77043,1.7708,1.00,1.00
2017.06.12 09:00:35.529,1.77044,1.77085,1.00,1.00
2017.06.12 09:00:35.681,1.77042,1.77085,1.12,1.50
2017.06.12 09:00:35.973,1.77039,1.77085,1.37,1.50
2017.06.12 09:00:36.339,1.77039,1.77085,1.37,1.50
2017.06.12 09:00:36.875,1.77036,1.7708,2.62,1.00
2017.06.12 09:00:37.418,1.77036,1.7708,1.37,1.00
2017.06.12 09:00:37.520,1.77036,1.7708,1.37,1.00
2017.06.12 09:00:38.535,1.77036,1.77076,1.37,1.00
2017.06.12 09:00:39.037,1.77037,1.77075,1.00,1.00
2017.06.12 09:00:39.544,1.77037,1.77076,2.62,1.00
2017.06.12 09:00:39.786,1.77045,1.77083,1.00,1.00
2017.06.12 09:00:39.837,1.77045,1.77085,1.00,1.00
2017.06.12 09:00:39.887,1.77047,1.77085,1.00,1.00
2017.06.12 09:00:40.397,1.77048,1.77088,1.00,1.00
2017.06.12 09:00:41.372,1.77048,1.77089,1.00,1.00
2017.06.12 09:00:42.443,1.77049,1.77089,1.00,1.00
2017.06.12 09:00:42.545,1.7705,1.77092,1.00,1.00
2017.06.12 09:00:43.123,1.77051,1.77092,1.00,1.00
2017.06.12 09:00:43.635,1.7705,1.77092,1.00,1.00
2017.06.12 09:00:45.645,1.77048,1.77091,1.00,1.00
2017.06.12 09:00:47.634,1.77047,1.7709,1.37,1.00
2017.06.12 09:00:48.481,1.77046,1.7709,1.00,1.00
2017.06.12 09:00:49.015,1.77046,1.7709,1.37,1.00
2017.06.12 09:00:50.219,1.77046,1.7709,1.12,1.00
2017.06.12 09:00:50.371,1.77047,1.7709,1.00,1.00
2017.06.12 09:00:51.124,1.77045,1.7709,1.00,1.50
2017.06.12 09:00:51.965,1.77046,1.7709,1.00,1.00
2017.06.12 09:00:52.468,1.77044,1.77089,1.00,1.00
2017.06.12 09:00:53.070,1.77044,1.77089,1.37,1.00
2017.06.12 09:00:53.121,1.77047,1.77091,1.37,1.00
2017.06.12 09:00:54.196,1.77047,1.77091,1.12,1.00
2017.06.12 09:00:55.340,1.77046,1.77091,1.00,1.00
2017.06.12 09:00:56.229,1.77047,1.77092,1.00,1.00
2017.06.12 09:00:56.735,1.77045,1.77091,1.37,1.00
2017.06.12 09:00:57.353,1.77048,1.77091,1.00,1.00
2017.06.12 09:00:57.970,1.77048,1.77093,1.12,1.00
2017.06.12 09:00:58.723,1.77048,1.77094,1.12,1.00
2017.06.12 09:01:00.048,1.77048,1.77094,1.37,1.00
2017.06.12 09:01:00.150,1.77052,1.77097,1.12,1.00
2017.06.12 09:01:00.201,1.77053,1.77098,1.37,1.00
2017.06.12 09:01:00.353,1.77054,1.771,1.37,1.00
2017.06.12 09:01:00.454,1.77054,1.77097,1.37,1.00
2017.06.12 09:01:00.607,1.77052,1.77096,1.12,1.00
2017.06.12 09:01:00.708,1.77053,1.77098,1.00,1.00
2017.06.12 09:01:00.810,1.77053,1.77098,1.37,1.00
2017.06.12 09:01:00.861,1.77053,1.77098,1.12,1.00
2017.06.12 09:01:01.206,1.77055,1.77098,1.37,1.00
2017.06.12 09:01:01.308,1.77055,1.771,1.37,1.00
2017.06.12 09:01:01.854,1.77057,1.771,1.00,1.00
2017.06.12 09:01:02.411,1.77056,1.77101,1.87,1.00
2017.06.12 09:01:03.117,1.77056,1.77101,1.87,1.00
2017.06.12 09:01:03.402,1.77056,1.77101,1.37,1.00
2017.06.12 09:01:04.730,1.77055,1.771,1.87,1.00
2017.06.12 09:01:06.030,1.77056,1.77101,1.37,1.00
2017.06.12 09:01:07.597,1.77057,1.77102,1.37,1.00
2017.06.12 09:01:07.648,1.77056,1.77102,1.37,1.00
2017.06.12 09:01:08.027,1.77056,1.771,1.37,1.00
2017.06.12 09:01:08.078,1.77056,1.77101,1.12,1.00
2017.06.12 09:01:08.526,1.77056,1.77101,1.37,1.00
2017.06.12 09:01:08.627,1.77057,1.77102,1.37,1.00
2017.06.12 09:01:09.075,1.77055,1.77094,1.00,1.00
2017.06.12 09:01:09.228,1.77053,1.77093,1.00,1.00
2017.06.12 09:01:09.467,1.77049,1.77094,1.87,1.00
2017.06.12 09:01:09.616,1.77049,1.77093,1.37,1.00
2017.06.12 09:01:09.819,1.7705,1.77095,1.37,1.00
2017.06.12 09:01:09.948,1.7705,1.77093,1.37,1.00
2017.06.12 09:01:10.439,1.77048,1.77093,1.12,1.00
2017.06.12 09:01:10.540,1.77045,1.77091,1.50,1.00
2017.06.12 09:01:11.805,1.77047,1.7709,1.37,1.00
2017.06.12 09:01:16.263,1.77047,1.7709,1.12,1.00
2017.06.12 09:01:16.465,1.77045,1.7709,1.00,1.00
2017.06.12 09:01:16.694,1.77047,1.7709,1.00,1.00
2017.06.12 09:01:17.205,1.77047,1.77091,1.37,1.00
2017.06.12 09:01:18.063,1.77047,1.77091,1.37,1.00
2017.06.12 09:01:18.598,1.77047,1.77091,1.37,1.00
2017.06.12 09:01:18.649,1.77048,1.77093,1.37,1.00
2017.06.12 09:01:19.553,1.77049,1.77094,1.87,1.00
2017.06.12 09:01:20.639,1.77049,1.77093,1.87,1.00
2017.06.12 09:01:21.242,1.77049,1.77093,1.37,1.00
2017.06.12 09:01:21.294,1.77049,1.77093,1.37,1.00
2017.06.12 09:01:21.762,1.77049,1.77093,1.37,1.00
2017.06.12 09:01:23.495,1.77049,1.77094,1.37,1.00
2017.06.12 09:01:23.853,1.77056,1.77097,1.12,1.00
2017.06.12 09:01:23.904,1.77056,1.771,1.12,1.00
2017.06.12 09:01:23.955,1.77065,1.77108,1.37,1.87
2017.06.12 09:01:24.158,1.7707,1.77114,1.37,1.00
2017.06.12 09:01:24.209,1.77076,1.77117,1.00,1.00
2017.06.12 09:01:24.578,1.77077,1.77119,1.87,1.00
2017.06.12 09:01:24.680,1.77074,1.77115,1.37,1.00
2017.06.12 09:01:24.731,1.77074,1.77115,1.37,1.00
2017.06.12 09:01:25.467,1.77073,1.77115,2.25,1.00
2017.06.12 09:01:25.824,1.77074,1.77117,1.37,1.00
2017.06.12 09:01:25.875,1.77075,1.77119,1.37,1.00
2017.06.12 09:01:26.413,1.77076,1.77118,1.00,1.00
2017.06.12 09:01:26.464,1.77076,1.77116,1.00,1.00
2017.06.12 09:01:26.667,1.77074,1.77116,1.00,1.00
2017.06.12 09:01:26.985,1.77076,1.77116,1.00,1.00
2017.06.12 09:01:27.585,1.77076,1.77115,1.00,1.00
2017.06.12 09:01:27.688,1.77074,1.77116,1.00,1.00
2017.06.12 09:01:28.296,1.77074,1.77117,1.87,1.00
2017.06.12 09:01:28.867,1.77075,1.77118,1.37,1.00
2017.06.12 09:01:29.413,1.77075,1.7712,1.37,1.00
2017.06.12 09:01:29.514,1.77075,1.77118,1.37,1.00
2017.06.12 09:01:29.737,1.77074,1.7712,1.87,1.00
2017.06.12 09:01:29.939,1.77076,1.77119,1.87,1.00
2017.06.12 09:01:30.040,1.77077,1.77122,1.87,1.00
2017.06.12 09:01:30.142,1.77084,1.77128,1.00,1.00
2017.06.12 09:01:30.193,1.77088,1.77129,1.00,1.00
2017.06.12 09:01:30.244,1.77088,1.77132,1.00,1.00
2017.06.12 09:01:30.295,1.7709,1.77132,1.00,1.00
2017.06.12 09:01:30.822,1.7709,1.77133,1.00,1.00
2017.06.12 09:01:31.143,1.7709,1.77131,1.00,1.00
2017.06.12 09:01:31.547,1.7709,1.77133,1.00,1.00
2017.06.12 09:01:31.761,1.7709,1.77131,1.00,1.00
2017.06.12 09:01:32.233,1.7709,1.77133,1.00,1.00
2017.06.12 09:01:32.283,1.77092,1.77133,1.00,1.00
2017.06.12 09:01:32.832,1.77092,1.77131,1.00,1.00
2017.06.12 09:01:32.883,1.77089,1.77131,1.00,1.00
2017.06.12 09:01:33.286,1.77089,1.77129,1.00,1.00
2017.06.12 09:01:33.337,1.77089,1.77131,1.00,1.00
2017.06.12 09:01:33.505,1.77088,1.77129,1.00,1.00
2017.06.12 09:01:33.658,1.77088,1.77131,1.00,1.00
2017.06.12 09:01:33.766,1.77088,1.77129,1.00,1.00
2017.06.12 09:01:34.414,1.77087,1.77133,1.50,1.50
2017.06.12 09:01:34.616,1.77088,1.77131,1.00,1.00
2017.06.12 09:01:34.667,1.77088,1.77133,1.00,1.00
2017.06.12 09:01:34.718,1.7709,1.77133,1.00,1.00
2017.06.12 09:01:35.030,1.7709,1.77131,1.00,1.00
2017.06.12 09:01:35.550,1.7709,1.7713,1.00,1.00
2017.06.12 09:01:35.652,1.7709,1.77132,1.00,1.00
2017.06.12 09:01:36.213,1.7709,1.77133,1.00,1.00
2017.06.12 09:01:36.314,1.7709,1.77135,1.37,1.00
2017.06.12 09:01:36.416,1.77093,1.77137,1.00,1.12
2017.06.12 09:01:36.922,1.77093,1.77139,1.50,1.00
2017.06.12 09:01:36.973,1.77095,1.77139,1.00,1.00
2017.06.12 09:01:37.278,1.77097,1.77141,1.00,1.00
2017.06.12 09:01:37.793,1.77096,1.77142,1.50,1.00
2017.06.12 09:01:38.096,1.77096,1.7714,1.50,1.00
2017.06.12 09:01:38.162,1.77096,1.77142,1.50,1.00
2017.06.12 09:01:38.667,1.77097,1.77141,1.00,1.00
2017.06.12 09:01:38.900,1.77098,1.77143,1.00,1.00
2017.06.12 09:01:39.035,1.77103,1.77143,1.00,1.00
2017.06.12 09:01:39.086,1.77101,1.77147,1.50,1.00
2017.06.12 09:01:39.239,1.77103,1.77147,1.00,1.00
2017.06.12 09:01:39.548,1.77104,1.77149,1.00,1.50
2017.06.12 09:01:39.819,1.77105,1.77149,1.37,1.00
2017.06.12 09:01:39.952,1.77105,1.77151,1.37,1.50
2017.06.12 09:01:40.205,1.77105,1.77149,1.87,1.00
2017.06.12 09:01:40.408,1.77106,1.77152,1.12,1.00
2017.06.12 09:01:40.921,1.77106,1.7715,1.12,1.00
2017.06.12 09:01:41.022,1.77106,1.77152,1.12,1.00
2017.06.12 09:01:41.653,1.77107,1.77152,1.00,1.00
2017.06.12 09:01:42.064,1.77105,1.77149,1.37,1.00
2017.06.12 09:01:42.115,1.77104,1.77148,1.50,1.00
2017.06.12 09:01:42.754,1.77103,1.77148,1.00,1.00
2017.06.12 09:01:43.129,1.77103,1.77148,1.87,1.00
2017.06.12 09:01:43.231,1.77106,1.7715,1.50,1.00
2017.06.12 09:01:43.383,1.77102,1.77148,1.50,1.00
2017.06.12 09:01:43.434,1.77102,1.77145,1.00,1.00
2017.06.12 09:01:43.485,1.77099,1.77144,1.00,1.00
2017.06.12 09:01:43.536,1.77098,1.77139,1.12,1.00
2017.06.12 09:01:43.638,1.77094,1.77138,1.00,1.00
2017.06.12 09:01:43.817,1.77092,1.77138,1.00,1.00
2017.06.12 09:01:43.868,1.77092,1.77136,1.00,1.00
2017.06.12 09:01:44.021,1.7709,1.77136,1.50,1.00
2017.06.12 09:01:44.524,1.77091,1.77135,1.00,1.00
2017.06.12 09:01:44.788,1.77091,1.77137,1.87,1.00
2017.06.12 09:01:44.890,1.77093,1.77139,1.87,1.50
2017.06.12 09:01:45.193,1.77093,1.77136,1.00,1.00
2017.06.12 09:01:45.713,1.77089,1.77134,1.00,1.00
2017.06.12 09:01:45.764,1.77089,1.77132,1.00,1.00
2017.06.12 09:01:46.222,1.77088,1.77134,1.00,1.50
2017.06.12 09:01:47.125,1.77089,1.77135,1.00,1.00
2017.06.12 09:01:47.175,1.77091,1.77135,1.00,1.00
2017.06.12 09:01:47.293,1.77089,1.77135,1.00,1.00
2017.06.12 09:01:47.419,1.77091,1.77135,1.00,1.00
2017.06.12 09:01:49.999,1.77091,1.77135,1.87,1.00
2017.06.12 09:01:50.711,1.77091,1.77135,1.50,1.00
2017.06.12 09:01:52.050,1.77091,1.77136,1.00,1.00
2017.06.12 09:01:52.101,1.77089,1.77136,1.00,1.50
2017.06.12 09:01:52.187,1.77088,1.77134,1.87,1.00
2017.06.12 09:01:52.508,1.77088,1.7713,1.00,1.00
2017.06.12 09:01:52.610,1.77086,1.77131,1.00,1.00
2017.06.12 09:01:52.812,1.77086,1.77129,1.00,1.00
2017.06.12 09:01:52.965,1.77085,1.77131,1.00,1.50
2017.06.12 09:01:53.016,1.77084,1.77129,1.12,1.00
2017.06.12 09:01:53.103,1.77084,1.77131,1.12,1.50
2017.06.12 09:01:53.642,1.77084,1.7713,1.12,1.00
2017.06.12 09:01:53.944,1.77086,1.7713,1.00,1.00
2017.06.12 09:01:54.158,1.77083,1.77129,1.87,1.00
2017.06.12 09:01:54.209,1.77085,1.77131,1.00,1.50
2017.06.12 09:01:54.379,1.77085,1.77129,1.00,1.00
2017.06.12 09:01:54.841,1.77085,1.77131,1.00,1.50
2017.06.12 09:01:55.043,1.77084,1.77129,1.12,1.00
2017.06.12 09:01:55.517,1.77083,1.77127,1.37,1.00
2017.06.12 09:01:55.821,1.77089,1.77127,1.00,1.00
2017.06.12 09:01:56.038,1.77087,1.77127,1.00,1.00
2017.06.12 09:01:56.545,1.77087,1.77126,1.00,1.00
2017.06.12 09:01:56.742,1.77089,1.77126,1.00,1.00
2017.06.12 09:01:57.219,1.77088,1.77128,1.00,1.00
2017.06.12 09:01:57.989,1.77088,1.77126,1.00,1.00
2017.06.12 09:01:58.091,1.77088,1.77128,1.00,1.00
2017.06.12 09:01:58.396,1.77088,1.77132,1.50,1.50
2017.06.12 09:01:58.599,1.77089,1.77134,1.50,1.00
2017.06.12 09:01:59.133,1.77089,1.77135,1.00,1.50
2017.06.12 09:01:59.234,1.77089,1.77132,1.00,1.00
2017.06.12 09:01:59.285,1.77089,1.77134,1.00,1.00
2017.06.12 09:01:59.437,1.7709,1.77131,1.00,1.00
2017.06.12 09:01:59.488,1.7709,1.77133,1.00,1.00
2017.06.12 09:01:59.539,1.77087,1.77134,1.50,1.00
2017.06.12 09:01:59.590,1.77088,1.77132,1.00,1.00
2017.06.12 09:02:00.109,1.77087,1.77132,1.00,1.00
2017.06.12 09:02:00.710,1.77087,1.77131,1.00,1.00
2017.06.12 09:02:00.812,1.77087,1.77134,1.50,1.00
2017.06.12 09:02:00.914,1.77087,1.77132,1.00,1.00
2017.06.12 09:02:01.351,1.77089,1.77133,1.00,1.00
2017.06.12 09:02:01.566,1.77087,1.77132,1.50,1.00
2017.06.12 09:02:01.668,1.77087,1.77134,1.87,1.00
2017.06.12 09:02:01.820,1.77087,1.77133,1.87,1.00
2017.06.12 09:02:02.321,1.77087,1.77134,1.87,1.00
2017.06.12 09:02:02.854,1.77087,1.77131,1.87,1.00
2017.06.12 09:02:02.956,1.77087,1.77134,1.87,1.00
2017.06.12 09:02:03.102,1.77087,1.77132,1.87,1.00
2017.06.12 09:02:03.549,1.77095,1.77137,1.00,1.00
2017.06.12 09:02:03.701,1.77096,1.77141,1.00,1.00
2017.06.12 09:02:03.752,1.77098,1.77142,1.37,1.00
2017.06.12 09:02:03.854,1.77101,1.77144,1.00,1.00
2017.06.12 09:02:04.006,1.77101,1.77142,1.00,1.00
2017.06.12 09:02:04.361,1.77103,1.77142,1.00,1.00
2017.06.12 09:02:04.885,1.77102,1.77145,1.00,1.00
2017.06.12 09:02:04.987,1.77102,1.77142,1.00,1.00
2017.06.12 09:02:05.350,1.77102,1.77144,1.00,1.00
2017.06.12 09:02:05.602,1.77102,1.77142,1.00,1.00
2017.06.12 09:02:05.991,1.77102,1.77144,1.00,1.00
2017.06.12 09:02:06.193,1.77102,1.77142,1.00,1.00
2017.06.12 09:02:06.745,1.77102,1.77144,1.00,1.00
2017.06.12 09:02:07.300,1.77102,1.77143,1.00,1.00
2017.06.12 09:02:07.483,1.77102,1.77145,1.00,1.00
2017.06.12 09:02:07.704,1.77102,1.77143,1.00,1.00
2017.06.12 09:02:07.755,1.77102,1.77145,1.00,1.00
2017.06.12 09:02:08.117,1.77103,1.77143,1.00,1.00
2017.06.12 09:02:08.606,1.77103,1.77145,1.00,1.00
2017.06.12 09:02:08.859,1.77103,1.77143,1.00,1.00
2017.06.12 09:02:09.061,1.77101,1.77144,1.00,1.00
2017.06.12 09:02:09.264,1.77103,1.77143,1.00,1.00
2017.06.12 09:02:09.315,1.77103,1.77145,1.00,1.00
2017.06.12 09:02:09.444,1.77103,1.77143,1.00,1.00
2017.06.12 09:02:09.966,1.77103,1.77144,1.00,1.00
2017.06.12 09:02:10.472,1.77103,1.77142,1.00,1.00
2017.06.12 09:02:10.619,1.77103,1.77144,1.00,1.00
2017.06.12 09:02:10.670,1.77101,1.77144,1.00,1.00
2017.06.12 09:02:10.808,1.77101,1.77141,1.00,1.00
2017.06.12 09:02:11.270,1.77099,1.77141,1.00,1.00
2017.06.12 09:02:11.321,1.77099,1.77143,1.00,1.00
2017.06.12 09:02:11.487,1.77099,1.77141,1.00,1.00
2017.06.12 09:02:11.643,1.77099,1.77143,1.00,1.00
2017.06.12 09:02:11.845,1.77099,1.77141,1.00,1.00
2017.06.12 09:02:12.263,1.77099,1.77138,1.00,1.00
2017.06.12 09:02:12.512,1.77094,1.77138,1.50,1.00
2017.06.12 09:02:12.563,1.77094,1.7714,1.12,1.00
2017.06.12 09:02:12.665,1.77097,1.77141,1.00,1.00
2017.06.12 09:02:12.716,1.77097,1.77143,1.00,1.00
2017.06.12 09:02:12.767,1.77099,1.77143,1.00,1.00
2017.06.12 09:02:13.020,1.77099,1.77145,1.00,1.00
2017.06.12 09:02:13.071,1.77101,1.77145,1.12,1.00
2017.06.12 09:02:13.446,1.77103,1.77147,1.00,1.00
2017.06.12 09:02:14.044,1.77103,1.77148,1.00,1.00
2017.06.12 09:02:14.562,1.77103,1.77149,1.00,1.00
2017.06.12 09:02:15.427,1.77105,1.77149,1.00,1.00
2017.06.12 09:02:16.093,1.77105,1.77143,1.00,1.00
2017.06.12 09:02:16.637,1.77105,1.77141,1.00,1.00
2017.06.12 09:02:17.180,1.77104,1.7714,1.00,1.00
2017.06.12 09:02:17.710,1.77103,1.7714,1.00,1.00
2017.06.12 09:02:18.214,1.77104,1.7714,1.00,1.00
2017.06.12 09:02:18.904,1.77104,1.77142,1.00,1.50
2017.06.12 09:02:19.605,1.77105,1.77141,1.00,1.00
2017.06.12 09:02:20.204,1.77105,1.7714,1.00,1.00
2017.06.12 09:02:24.182,1.77104,1.7714,1.00,1.00
2017.06.12 09:02:26.841,1.77103,1.7714,1.00,1.00
2017.06.12 09:02:27.563,1.77103,1.77139,1.00,1.00
2017.06.12 09:02:28.307,1.77103,1.7714,1.00,1.00
2017.06.12 09:02:29.249,1.77103,1.77138,1.00,1.00
2017.06.12 09:02:29.764,1.77103,1.77136,1.00,1.00
2017.06.12 09:02:29.967,1.77097,1.77131,1.00,1.50
2017.06.12 09:02:30.018,1.77097,1.77129,1.00,1.00
2017.06.12 09:02:30.120,1.77095,1.77129,1.00,1.00
2017.06.12 09:02:30.272,1.77092,1.77126,1.00,1.00
2017.06.12 09:02:30.486,1.77089,1.77126,1.12,1.00
2017.06.12 09:02:30.537,1.77089,1.77128,1.12,1.00
2017.06.12 09:02:30.691,1.77088,1.77125,1.00,1.00
2017.06.12 09:02:30.995,1.77086,1.7712,1.00,1.00
2017.06.12 09:02:31.096,1.77082,1.7712,1.00,1.00
2017.06.12 09:02:31.147,1.77082,1.77118,1.00,1.00
2017.06.12 09:02:31.454,1.7708,1.77117,1.00,1.00
2017.06.12 09:02:31.556,1.7708,1.77119,1.50,1.00
2017.06.12 09:02:31.806,1.7708,1.77116,1.00,1.00
2017.06.12 09:02:31.973,1.7708,1.77118,1.00,1.00
2017.06.12 09:02:32.075,1.7708,1.7712,1.37,1.00
2017.06.12 09:02:32.176,1.77084,1.77122,1.00,1.00
2017.06.12 09:02:32.682,1.77084,1.7712,1.00,1.00
2017.06.12 09:02:33.535,1.77084,1.77122,1.00,1.00
2017.06.12 09:02:33.586,1.77084,1.7712,1.00,1.00
2017.06.12 09:02:33.991,1.77084,1.77122,1.00,1.00
2017.06.12 09:02:34.171,1.77082,1.77119,1.00,1.00
2017.06.12 09:02:34.709,1.77082,1.77118,1.00,1.00
2017.06.12 09:02:35.052,1.7708,1.77118,1.00,1.00
2017.06.12 09:02:35.104,1.7708,1.77116,1.00,1.00
2017.06.12 09:02:35.155,1.7708,1.77118,1.00,1.00
2017.06.12 09:02:35.954,1.77078,1.77118,1.50,1.00
2017.06.12 09:02:36.579,1.77078,1.7712,1.50,1.00
2017.06.12 09:02:36.681,1.77078,1.77118,1.50,1.00
2017.06.12 09:02:37.112,1.77078,1.77119,1.75,1.00
2017.06.12 09:02:37.424,1.77081,1.77121,1.87,1.00
2017.06.12 09:02:38.433,1.77084,1.77119,1.12,1.00
2017.06.12 09:02:40.937,1.77084,1.77118,1.12,1.00
2017.06.12 09:02:40.988,1.77084,1.7712,1.12,1.50
2017.06.12 09:02:41.190,1.77084,1.77122,1.12,1.00
2017.06.12 09:02:41.353,1.77084,1.77119,1.12,1.00
2017.06.12 09:02:41.555,1.77084,1.77122,1.12,1.00
2017.06.12 09:02:41.736,1.77084,1.7712,1.12,1.00
2017.06.12 09:02:42.257,1.77084,1.77122,1.12,1.00
2017.06.12 09:02:42.389,1.77084,1.7712,1.12,1.00
2017.06.12 09:02:42.913,1.77085,1.77121,1.00,1.00
2017.06.12 09:02:43.349,1.77085,1.77123,1.12,1.00
2017.06.12 09:02:44.330,1.77085,1.77121,1.00,1.00
2017.06.12 09:02:44.381,1.77082,1.77119,1.00,1.00
2017.06.12 09:02:45.046,1.77081,1.77122,1.12,1.50
2017.06.12 09:02:45.100,1.77086,1.77124,1.00,1.00
2017.06.12 09:02:45.404,1.77086,1.77122,1.37,1.00
2017.06.12 09:02:45.707,1.77084,1.77122,1.00,1.00
2017.06.12 09:02:45.876,1.77084,1.7712,1.00,1.00
2017.06.12 09:02:46.297,1.77081,1.7712,1.37,1.00
2017.06.12 09:02:46.399,1.77086,1.77119,1.00,1.00
2017.06.12 09:02:46.591,1.77083,1.77122,1.00,1.00
2017.06.12 09:02:46.692,1.77083,1.77122,1.37,1.00
2017.06.12 09:02:46.794,1.77083,1.77124,1.37,1.00
2017.06.12 09:02:46.845,1.77083,1.77123,1.12,1.00
2017.06.12 09:02:46.896,1.77088,1.77123,1.00,1.00
2017.06.12 09:02:47.106,1.77088,1.77125,1.00,1.00
2017.06.12 09:02:47.234,1.77088,1.77123,1.00,1.00
2017.06.12 09:02:47.385,1.77084,1.77123,1.00,1.00
2017.06.12 09:02:47.588,1.77088,1.77125,1.00,1.00
2017.06.12 09:02:47.763,1.77088,1.77127,1.00,1.00
2017.06.12 09:02:47.886,1.7709,1.77128,1.00,1.00
2017.06.12 09:02:48.220,1.77089,1.77126,1.00,1.00
2017.06.12 09:02:48.808,1.77086,1.77126,1.00,1.00
2017.06.12 09:02:49.011,1.77086,1.77124,1.00,1.00
2017.06.12 09:02:49.062,1.77086,1.77126,1.00,1.00
2017.06.12 09:02:49.413,1.77089,1.77127,1.00,1.00
2017.06.12 09:02:49.951,1.77089,1.77125,1.00,1.00
2017.06.12 09:02:50.053,1.77089,1.77127,1.00,1.00
2017.06.12 09:02:50.155,1.77089,1.77124,1.00,1.00
2017.06.12 09:02:50.206,1.77086,1.77124,1.37,1.00
2017.06.12 09:02:50.257,1.77086,1.77126,1.37,1.00
2017.06.12 09:02:50.725,1.77088,1.77123,1.00,1.00
2017.06.12 09:02:50.776,1.77085,1.77124,1.00,1.00
2017.06.12 09:02:50.877,1.77088,1.77122,1.00,1.00
2017.06.12 09:02:51.181,1.77084,1.77122,1.00,1.00
2017.06.12 09:02:51.776,1.77083,1.77122,1.12,1.00
2017.06.12 09:02:52.821,1.77081,1.7712,1.87,1.00
2017.06.12 09:02:53.165,1.77085,1.77122,1.00,1.00
2017.06.12 09:02:53.408,1.77083,1.77121,1.00,1.00
2017.06.12 09:02:53.711,1.77085,1.77121,1.00,1.00
2017.06.12 09:02:54.318,1.77082,1.77121,1.12,1.00
2017.06.12 09:02:55.752,1.77082,1.77122,1.12,1.00
2017.06.12 09:02:56.192,1.77082,1.77122,1.37,1.00
2017.06.12 09:02:56.243,1.77082,1.77126,1.37,1.00
2017.06.12 09:02:56.294,1.77084,1.77127,1.37,1.00
2017.06.12 09:02:56.699,1.77088,1.7713,1.00,1.00
2017.06.12 09:02:56.750,1.77088,1.77126,1.00,1.00
2017.06.12 09:02:57.094,1.77087,1.77128,1.37,1.50
2017.06.12 09:02:58.018,1.77087,1.77127,1.12,1.00
2017.06.12 09:03:00.132,1.77087,1.77124,1.00,1.00
2017.06.12 09:03:00.436,1.77083,1.7712,1.37,1.50
2017.06.12 09:03:00.902,1.77079,1.77118,1.00,1.50
2017.06.12 09:03:01.004,1.77079,1.77116,1.00,1.00
2017.06.12 09:03:01.106,1.77076,1.77116,1.00,1.00
2017.06.12 09:03:01.266,1.77072,1.77112,1.75,1.00
2017.06.12 09:03:01.470,1.77072,1.77111,1.00,1.50
2017.06.12 09:03:01.586,1.77069,1.77111,1.00,1.50
2017.06.12 09:03:01.796,1.77072,1.7711,1.00,1.00
2017.06.12 09:03:01.989,1.77069,1.77109,1.00,1.00
2017.06.12 09:03:02.040,1.77069,1.77111,1.00,1.50
2017.06.12 09:03:02.546,1.77069,1.7711,1.00,1.00
2017.06.12 09:03:02.884,1.77069,1.77106,1.00,1.00
2017.06.12 09:03:03.087,1.77065,1.77105,1.00,1.00
2017.06.12 09:03:03.689,1.77063,1.77105,1.12,1.00
2017.06.12 09:03:03.791,1.77063,1.77103,1.12,1.00
2017.06.12 09:03:04.333,1.77062,1.77102,1.00,1.00
2017.06.12 09:03:04.860,1.77062,1.77103,1.00,1.50
2017.06.12 09:03:05.013,1.77059,1.77102,1.12,1.00
2017.06.12 09:03:05.436,1.77062,1.77101,1.00,1.00
2017.06.12 09:03:06.000,1.7706,1.77102,1.37,1.00
2017.06.12 09:03:06.377,1.7706,1.77105,1.37,1.00
2017.06.12 09:03:06.884,1.77062,1.77103,1.37,1.00
2017.06.12 09:03:07.036,1.77064,1.77107,1.37,1.00
2017.06.12 09:03:07.086,1.77065,1.77109,1.87,1.00
2017.06.12 09:03:07.188,1.77066,1.77113,1.37,1.50
2017.06.12 09:03:07.239,1.77073,1.77113,1.00,1.50
2017.06.12 09:03:07.777,1.77072,1.77113,1.00,1.00
2017.06.12 09:03:08.203,1.77074,1.77114,1.00,1.00
2017.06.12 09:03:08.589,1.77073,1.77116,1.37,1.50
2017.06.12 09:03:08.640,1.77073,1.77113,1.37,1.00
2017.06.12 09:03:08.920,1.77075,1.77115,1.00,1.00
2017.06.12 09:03:09.455,1.77074,1.77114,1.12,1.00
2017.06.12 09:03:09.506,1.77074,1.77116,1.12,1.00
2017.06.12 09:03:09.708,1.77076,1.77114,1.00,1.00
2017.06.12 09:03:10.185,1.77076,1.77116,1.00,1.00
2017.06.12 09:03:10.337,1.77078,1.77114,1.00,1.00
2017.06.12 09:03:10.398,1.77075,1.77114,1.12,1.00
2017.06.12 09:03:10.500,1.77073,1.77116,1.37,1.00
2017.06.12 09:03:11.070,1.77073,1.77115,1.37,1.00
2017.06.12 09:03:11.172,1.77073,1.77117,1.37,1.00
2017.06.12 09:03:11.323,1.77077,1.77118,1.00,1.00
2017.06.12 09:03:11.897,1.77077,1.77115,1.37,1.00
2017.06.12 09:03:12.323,1.77075,1.77117,1.37,1.00
2017.06.12 09:03:12.424,1.77075,1.77118,1.37,1.00
2017.06.12 09:03:12.526,1.77077,1.77118,1.37,1.00
2017.06.12 09:03:12.806,1.77077,1.7712,1.37,1.00
2017.06.12 09:03:13.330,1.77079,1.77119,1.12,1.50
2017.06.12 09:03:13.982,1.77079,1.77118,1.12,1.00
2017.06.12 09:03:17.631,1.77076,1.77118,1.37,1.00
2017.06.12 09:03:18.549,1.77076,1.77119,1.37,1.50
2017.06.12 09:03:19.074,1.77076,1.77118,1.37,1.00
2017.06.12 09:03:19.703,1.77076,1.77117,1.37,1.00
2017.06.12 09:03:19.832,1.77076,1.7712,1.37,1.00
2017.06.12 09:03:20.018,1.77076,1.77117,1.37,1.00
2017.06.12 09:03:20.170,1.77076,1.7712,1.37,1.50
2017.06.12 09:03:20.230,1.77076,1.77118,1.37,1.00
2017.06.12 09:03:20.769,1.77076,1.77119,1.37,1.50
2017.06.12 09:03:21.210,1.77076,1.77117,1.12,1.00
2017.06.12 09:03:21.778,1.77075,1.77116,1.37,1.00
2017.06.12 09:03:22.115,1.77071,1.77113,1.37,1.00
2017.06.12 09:03:22.881,1.77071,1.77112,1.37,1.00
2017.06.12 09:03:25.601,1.7707,1.77113,1.37,1.50
2017.06.12 09:03:26.219,1.77068,1.77108,1.37,1.00
2017.06.12 09:03:26.270,1.77068,1.77108,1.00,1.00
2017.06.12 09:03:26.422,1.77063,1.77106,1.50,1.00
2017.06.12 09:03:27.050,1.77064,1.77105,1.37,1.00
2017.06.12 09:03:27.297,1.77064,1.77107,1.37,1.00
2017.06.12 09:03:27.348,1.77065,1.77106,1.37,1.00
2017.06.12 09:03:27.450,1.77065,1.77108,1.37,1.50
2017.06.12 09:03:27.653,1.77065,1.77105,1.37,1.00
2017.06.12 09:03:27.856,1.77065,1.77108,1.37,1.00
2017.06.12 09:03:28.121,1.77064,1.77106,1.37,1.00
2017.06.12 09:03:28.836,1.77065,1.77107,1.37,1.00
2017.06.12 09:03:29.364,1.77065,1.77105,1.37,1.00
2017.06.12 09:03:29.517,1.77065,1.77108,1.37,1.00
2017.06.12 09:03:29.705,1.77065,1.77106,1.37,1.00
2017.06.12 09:03:29.806,1.77065,1.77108,1.37,1.00
2017.06.12 09:03:30.024,1.77065,1.77106,1.37,1.00
2017.06.12 09:03:31.392,1.77065,1.77106,1.37,1.00
2017.06.12 09:03:32.002,1.77069,1.77107,1.00,1.00
2017.06.12 09:03:33.066,1.77069,1.77108,1.00,1.00
2017.06.12 09:03:33.996,1.77069,1.77107,1.00,1.50
2017.06.12 09:03:34.148,1.77066,1.77106,1.00,1.00
2017.06.12 09:03:34.562,1.77064,1.77105,1.00,1.00
2017.06.12 09:03:35.026,1.77064,1.77105,1.37,1.00
2017.06.12 09:03:35.756,1.77065,1.77106,1.37,1.50
2017.06.12 09:03:36.456,1.77065,1.77106,1.00,1.50
2017.06.12 09:03:39.519,1.77065,1.77107,1.00,1.00
2017.06.12 09:03:40.128,1.77065,1.77105,1.00,1.00
2017.06.12 09:03:40.280,1.77062,1.77103,1.00,1.50
2017.06.12 09:03:40.382,1.77059,1.77102,1.00,1.00
2017.06.12 09:03:40.752,1.77058,1.77103,1.37,1.00
2017.06.12 09:03:40.804,1.77058,1.77102,1.00,1.00
2017.06.12 09:03:40.855,1.77058,1.771,1.00,1.00
2017.06.12 09:03:40.906,1.77058,1.77102,1.00,1.50
2017.06.12 09:03:41.047,1.77058,1.77099,1.00,1.00
2017.06.12 09:03:41.195,1.77058,1.77101,1.00,1.00
2017.06.12 09:03:41.347,1.77058,1.77103,1.00,1.50
2017.06.12 09:03:41.449,1.77058,1.771,1.00,1.00
2017.06.12 09:03:41.752,1.77058,1.771,1.37,1.00
2017.06.12 09:03:42.493,1.77058,1.771,1.12,1.00
2017.06.12 09:03:43.443,1.77057,1.771,1.00,1.50
2017.06.12 09:03:44.423,1.77057,1.77098,1.00,1.00
2017.06.12 09:03:50.083,1.77055,1.771,1.87,1.50
2017.06.12 09:03:50.811,1.77055,1.77099,1.37,1.00
2017.06.12 09:03:54.218,1.77055,1.77099,1.37,1.00
2017.06.12 09:03:54.319,1.77055,1.77096,1.87,1.00
2017.06.12 09:03:54.370,1.77055,1.77099,1.87,1.50
2017.06.12 09:03:54.597,1.77055,1.77097,1.87,1.00
2017.06.12 09:03:55.894,1.77055,1.77097,1.87,1.00
2017.06.12 09:03:58.087,1.77055,1.77099,1.37,1.50
2017.06.12 09:03:58.139,1.77056,1.77099,1.87,1.00
2017.06.12 09:03:59.623,1.77058,1.77099,1.37,1.00
2017.06.12 09:03:59.674,1.77058,1.77097,1.37,1.00
2017.06.12 09:03:59.776,1.77056,1.77097,1.00,1.00
2017.06.12 09:03:59.827,1.77056,1.77095,1.00,1.00
2017.06.12 09:04:00.144,1.77055,1.77093,1.00,1.00
2017.06.12 09:04:00.194,1.77052,1.77093,1.50,1.00
2017.06.12 09:04:00.296,1.77052,1.77093,1.37,1.00
2017.06.12 09:04:00.347,1.77052,1.77094,1.12,1.00
2017.06.12 09:04:00.886,1.77052,1.77094,1.37,1.00
2017.06.12 09:04:02.503,1.77052,1.77094,1.00,1.00
2017.06.12 09:04:02.706,1.77049,1.77096,1.37,1.50
2017.06.12 09:04:02.960,1.77054,1.77095,1.00,1.00
2017.06.12 09:04:03.061,1.77052,1.77095,1.12,1.00
2017.06.12 09:04:03.559,1.77052,1.77093,1.37,1.00
2017.06.12 09:04:04.633,1.77052,1.77094,1.37,1.00
2017.06.12 09:04:05.085,1.77052,1.77094,1.37,1.50
2017.06.12 09:04:11.848,1.77051,1.77095,2.62,1.50
2017.06.12 09:04:13.664,1.77056,1.77094,1.00,1.00
2017.06.12 09:04:17.875,1.77054,1.77094,1.12,1.00
2017.06.12 09:04:18.412,1.77054,1.77095,1.12,1.00
2017.06.12 09:04:19.402,1.77054,1.77096,1.12,1.50
2017.06.12 09:04:22.029,1.77058,1.77098,1.37,1.00
2017.06.12 09:04:22.080,1.7706,1.771,1.37,1.50
2017.06.12 09:04:22.619,1.7706,1.77099,1.37,1.00
2017.06.12 09:04:23.143,1.7706,1.77099,1.00,1.50
2017.06.12 09:04:23.194,1.7706,1.77097,1.00,1.00
2017.06.12 09:04:23.296,1.77054,1.77096,1.00,1.00
2017.06.12 09:04:25.199,1.77054,1.77094,1.00,1.00
2017.06.12 09:04:25.826,1.77053,1.77094,1.12,1.00
2017.06.12 09:04:26.184,1.77055,1.77095,1.00,1.00
2017.06.12 09:04:26.286,1.77055,1.77098,1.37,1.50
2017.06.12 09:04:26.387,1.77055,1.77098,1.37,1.00
2017.06.12 09:04:26.729,1.7706,1.77101,1.37,1.00
2017.06.12 09:04:26.780,1.7706,1.77103,1.00,1.00
2017.06.12 09:04:26.831,1.77064,1.77103,1.00,1.50
2017.06.12 09:04:27.389,1.77064,1.77104,1.00,1.00
2017.06.12 09:04:27.987,1.77065,1.77104,1.00,1.00
2017.06.12 09:04:29.496,1.77063,1.77104,1.00,1.00
2017.06.12 09:04:29.728,1.77063,1.77101,1.00,1.00
2017.06.12 09:04:30.271,1.77061,1.77101,1.37,1.00
2017.06.12 09:04:30.663,1.77062,1.77103,1.37,1.00
2017.06.12 09:04:30.828,1.77062,1.77103,1.00,1.00
2017.06.12 09:04:31.273,1.77062,1.771,1.00,1.00
2017.06.12 09:04:31.618,1.77058,1.77095,1.00,1.00
2017.06.12 09:04:31.892,1.77056,1.77094,1.12,1.00
2017.06.12 09:04:33.045,1.77056,1.77093,1.00,1.00
2017.06.12 09:04:35.437,1.77055,1.77093,1.00,1.50
2017.06.12 09:04:35.640,1.77055,1.77091,1.00,1.00
2017.06.12 09:04:36.130,1.77054,1.77089,1.00,1.00
2017.06.12 09:04:36.184,1.77054,1.77091,1.00,1.50
2017.06.12 09:04:36.236,1.77052,1.77091,1.00,1.00
2017.06.12 09:04:36.772,1.77052,1.77092,1.00,1.00
2017.06.12 09:04:36.924,1.77055,1.77092,1.00,1.00
2017.06.12 09:04:38.099,1.77054,1.77092,1.00,1.50
2017.06.12 09:04:38.454,1.77054,1.7709,1.00,1.00
2017.06.12 09:04:39.601,1.77052,1.7709,1.00,1.00
2017.06.12 09:04:39.801,1.7705,1.7709,1.50,1.00
2017.06.12 09:04:40.938,1.77049,1.77089,1.12,1.00
2017.06.12 09:04:41.625,1.77048,1.77091,1.37,1.00
2017.06.12 09:04:42.664,1.77048,1.77087,1.37,1.50
2017.06.12 09:04:42.988,1.77039,1.77079,1.87,1.50
2017.06.12 09:04:43.190,1.77039,1.77079,1.12,1.50
2017.06.12 09:04:43.717,1.77039,1.7708,1.12,1.00
2017.06.12 09:04:43.932,1.77039,1.77078,1.12,1.00
2017.06.12 09:04:44.439,1.77034,1.77077,1.87,1.50
2017.06.12 09:04:44.882,1.77034,1.77075,1.50,1.00
2017.06.12 09:04:45.407,1.77034,1.77074,1.12,1.00
2017.06.12 09:04:45.931,1.77035,1.77074,1.00,1.00
2017.06.12 09:04:47.720,1.77033,1.77074,1.00,1.50
2017.06.12 09:04:48.293,1.77034,1.77073,1.00,1.50
2017.06.12 09:04:49.091,1.77034,1.77074,1.00,1.00
2017.06.12 09:04:49.321,1.77034,1.77076,1.00,1.50
2017.06.12 09:04:49.515,1.77036,1.77076,1.00,1.50
2017.06.12 09:04:49.831,1.77035,1.77074,1.00,1.00
2017.06.12 09:04:50.627,1.77036,1.77075,1.00,1.00
2017.06.12 09:04:51.293,1.77036,1.77076,1.00,1.50
2017.06.12 09:04:51.787,1.77052,1.77091,1.87,1.12
2017.06.12 09:04:51.889,1.77059,1.771,1.12,1.00
2017.06.12 09:04:51.940,1.77063,1.771,1.00,1.00
2017.06.12 09:04:52.194,1.77063,1.77102,1.50,1.50
2017.06.12 09:04:52.446,1.77066,1.77106,1.00,1.00
2017.06.12 09:04:52.548,1.77066,1.77104,1.00,1.00
2017.06.12 09:04:53.075,1.77068,1.77104,1.00,1.50
2017.06.12 09:04:53.381,1.77067,1.77102,1.00,1.00
2017.06.12 09:04:54.054,1.77067,1.77103,1.00,1.50
2017.06.12 09:04:54.156,1.77064,1.77103,1.00,1.50
2017.06.12 09:04:55.050,1.77064,1.77102,1.00,1.00
2017.06.12 09:04:55.235,1.77064,1.77103,1.37,1.00
2017.06.12 09:04:55.438,1.77063,1.77105,1.87,1.00
2017.06.12 09:04:55.539,1.77069,1.77106,1.00,1.00
2017.06.12 09:04:55.918,1.77069,1.77108,1.00,1.50
2017.06.12 09:04:55.970,1.77071,1.77108,1.00,1.00
2017.06.12 09:04:56.275,1.77069,1.77106,1.00,1.50
2017.06.12 09:04:56.578,1.77072,1.77109,1.00,1.00
2017.06.12 09:04:57.093,1.77072,1.77111,1.12,1.50
2017.06.12 09:04:57.617,1.77073,1.77111,1.00,1.50
2017.06.12 09:04:58.132,1.77074,1.77111,1.00,1.00
2017.06.12 09:04:58.183,1.77074,1.77109,1.00,1.00
2017.06.12 09:04:58.234,1.77071,1.77109,1.00,1.00
2017.06.12 09:04:58.935,1.77071,1.7711,1.12,1.00
2017.06.12 09:04:59.651,1.77071,1.77109,1.00,1.00
2017.06.12 09:05:00.192,1.77071,1.77108,1.12,1.00
2017.06.12 09:05:00.604,1.77071,1.7711,1.00,1.00
2017.06.12 09:05:01.565,1.77069,1.77109,1.50,1.50
2017.06.12 09:05:03.005,1.77069,1.77109,1.50,1.50
2017.06.12 09:05:03.057,1.77069,1.77111,1.50,1.00
2017.06.12 09:05:03.109,1.77071,1.77112,1.87,1.00
2017.06.12 09:05:03.261,1.77073,1.77115,1.37,1.00
2017.06.12 09:05:03.363,1.77077,1.77116,1.37,1.00
2017.06.12 09:05:03.465,1.77078,1.77118,1.37,1.00
2017.06.12 09:05:05.678,1.77081,1.77118,1.00,1.00
2017.06.12 09:05:07.067,1.77081,1.77119,1.00,1.00
2017.06.12 09:05:07.168,1.77084,1.77119,1.00,1.00
2017.06.12 09:05:07.348,1.77081,1.77119,1.00,1.00
2017.06.12 09:05:08.075,1.77081,1.77118,1.00,1.00
2017.06.12 09:05:08.176,1.77084,1.77118,1.00,1.00
2017.06.12 09:05:09.738,1.77084,1.77119,1.00,1.00
2017.06.12 09:05:10.271,1.77084,1.77117,1.00,1.00
2017.06.12 09:05:10.342,1.77081,1.77117,1.00,1.00
2017.06.12 09:05:10.583,1.77081,1.77119,1.00,1.50
2017.06.12 09:05:12.722,1.77081,1.77118,1.00,1.00
2017.06.12 09:05:15.068,1.77081,1.77117,1.00,1.00
2017.06.12 09:05:15.170,1.77079,1.77117,1.00,1.00
2017.06.12 09:05:15.692,1.77078,1.77117,1.00,1.00
2017.06.12 09:05:15.991,1.77076,1.77117,1.87,1.00
2017.06.12 09:05:16.144,1.77076,1.77115,1.87,1.00
2017.06.12 09:05:16.701,1.77077,1.77115,1.00,1.00
2017.06.12 09:05:17.125,1.77074,1.7711,1.00,1.00
2017.06.12 09:05:17.277,1.77072,1.77109,1.00,1.00
2017.06.12 09:05:17.955,1.77071,1.77108,1.00,1.00
2017.06.12 09:05:18.604,1.77071,1.77107,1.00,1.00
2017.06.12 09:05:20.216,1.77071,1.77108,1.00,1.00
2017.06.12 09:05:20.534,1.77071,1.77106,1.00,1.00
2017.06.12 09:05:20.636,1.77066,1.77104,1.00,1.00
2017.06.12 09:05:20.687,1.77066,1.77106,1.00,1.00
2017.06.12 09:05:20.990,1.77069,1.77106,1.00,1.00
2017.06.12 09:05:21.301,1.77066,1.77105,1.00,1.00
2017.06.12 09:05:21.891,1.77066,1.77104,1.00,1.00
2017.06.12 09:05:22.185,1.77066,1.77106,1.00,1.00
2017.06.12 09:05:22.706,1.77066,1.77105,1.00,1.00
2017.06.12 09:05:23.630,1.77066,1.77106,1.00,1.50
2017.06.12 09:05:23.681,1.77066,1.77104,1.00,1.00
2017.06.12 09:05:25.598,1.77064,1.77104,1.00,1.00
2017.06.12 09:05:25.649,1.77064,1.77099,1.00,1.00
2017.06.12 09:05:25.700,1.77061,1.77099,1.00,1.00
2017.06.12 09:05:25.864,1.77054,1.77094,1.75,1.00
2017.06.12 09:05:26.117,1.77045,1.77085,1.00,1.00
2017.06.12 09:05:26.649,1.77043,1.77084,1.05,1.50
2017.06.12 09:05:30.089,1.77043,1.77085,1.37,1.00
2017.06.12 09:05:30.140,1.77043,1.77087,1.37,1.00
2017.06.12 09:05:30.447,1.77046,1.77085,1.12,1.50
2017.06.12 09:05:30.675,1.77044,1.77085,1.00,1.00
2017.06.12 09:05:31.156,1.77044,1.77085,1.37,1.00
2017.06.12 09:05:31.704,1.77044,1.77086,1.37,1.00
2017.06.12 09:05:32.027,1.77044,1.77089,4.12,1.00
2017.06.12 09:05:32.330,1.77048,1.77087,1.12,1.00
2017.06.12 09:05:32.963,1.77044,1.77086,1.50,1.00
2017.06.12 09:05:33.618,1.77043,1.77086,1.75,1.00
2017.06.12 09:05:34.025,1.77045,1.77088,1.37,1.00
2017.06.12 09:05:34.571,1.77046,1.77089,1.37,1.00
2017.06.12 09:05:34.991,1.77046,1.77087,1.00,1.00
2017.06.12 09:05:35.720,1.77046,1.77088,1.50,1.00
2017.06.12 09:05:36.273,1.77046,1.77086,1.00,1.00
2017.06.12 09:05:36.881,1.77057,1.77096,1.00,1.00
2017.06.12 09:05:36.983,1.7706,1.77102,1.00,1.00
2017.06.12 09:05:37.216,1.77064,1.77102,1.00,1.00
2017.06.12 09:05:37.317,1.77064,1.77104,1.00,1.00
2017.06.12 09:05:37.418,1.77066,1.77104,1.00,1.00
2017.06.12 09:05:37.911,1.77067,1.77107,1.00,1.00
2017.06.12 09:05:38.120,1.77069,1.77107,1.00,1.00
2017.06.12 09:05:38.221,1.77072,1.77113,1.00,1.00
2017.06.12 09:05:38.667,1.77069,1.77112,1.00,1.00
2017.06.12 09:05:38.899,1.77069,1.77109,1.00,1.00
2017.06.12 09:05:40.086,1.77071,1.77109,1.00,1.00
2017.06.12 09:05:40.954,1.77074,1.77109,1.00,1.00
2017.06.12 09:05:41.005,1.77074,1.77111,1.00,1.00
2017.06.12 09:05:41.524,1.77073,1.77109,1.00,1.00
2017.06.12 09:05:42.475,1.77074,1.77109,1.00,1.00
2017.06.12 09:05:42.526,1.77074,1.77111,1.00,1.00
2017.06.12 09:05:43.124,1.77069,1.77113,1.00,1.00
2017.06.12 09:05:43.225,1.77068,1.77106,1.00,1.00
2017.06.12 09:05:43.377,1.77066,1.77106,1.00,1.00
2017.06.12 09:05:43.479,1.77068,1.77105,1.00,1.00
2017.06.12 09:05:44.004,1.77067,1.77106,1.00,1.00
2017.06.12 09:05:44.628,1.77066,1.77106,1.00,1.00
2017.06.12 09:05:45.101,1.77068,1.77107,1.00,1.00
2017.06.12 09:05:45.431,1.77071,1.77108,1.00,1.00
2017.06.12 09:05:45.485,1.77071,1.77111,1.00,1.00
2017.06.12 09:05:45.537,1.77073,1.77111,1.00,1.00
2017.06.12 09:05:46.010,1.7707,1.7711,1.00,1.00
2017.06.12 09:05:46.061,1.77065,1.7711,1.12,1.00
2017.06.12 09:05:46.602,1.77064,1.77108,1.00,1.00
2017.06.12 09:05:46.843,1.77063,1.7711,1.87,1.50
2017.06.12 09:05:46.894,1.77066,1.77111,1.00,1.00
2017.06.12 09:05:47.487,1.77068,1.77111,1.00,1.00
2017.06.12 09:05:47.888,1.77066,1.77111,1.50,1.00
2017.06.12 09:05:50.738,1.77068,1.77111,1.00,1.00
2017.06.12 09:05:53.328,1.77068,1.77112,1.00,1.00
2017.06.12 09:05:54.521,1.77068,1.77111,1.00,1.00
2017.06.12 09:05:58.932,1.77066,1.7711,1.00,1.00
2017.06.12 09:05:59.579,1.77066,1.77108,1.00,1.00
2017.06.12 09:05:59.731,1.77063,1.77108,1.50,1.00
2017.06.12 09:06:00.469,1.77063,1.77109,1.87,1.00
2017.06.12 09:06:00.632,1.77063,1.77105,1.12,1.00
2017.06.12 09:06:01.219,1.77063,1.77102,1.00,1.00
2017.06.12 09:06:01.321,1.77063,1.77105,1.00,1.00
2017.06.12 09:06:01.473,1.77062,1.771,1.00,1.00
2017.06.12 09:06:01.760,1.7706,1.771,1.00,1.00
2017.06.12 09:06:01.811,1.7706,1.77102,1.00,1.00
2017.06.12 09:06:02.067,1.7706,1.77099,1.00,1.00
2017.06.12 09:06:02.314,1.77051,1.77092,1.37,1.00
2017.06.12 09:06:02.416,1.77049,1.77092,1.00,1.00
2017.06.12 09:06:02.719,1.77048,1.7709,1.00,1.00
2017.06.12 09:06:03.239,1.77047,1.7709,1.37,1.00
2017.06.12 09:06:03.426,1.77047,1.7709,1.00,1.00
2017.06.12 09:06:03.973,1.77045,1.7709,1.50,1.00
2017.06.12 09:06:05.684,1.77049,1.77095,1.00,1.50
2017.06.12 09:06:07.002,1.7705,1.77095,1.00,1.50
2017.06.12 09:06:08.204,1.77048,1.77095,1.00,1.50
2017.06.12 09:06:10.474,1.7705,1.77095,1.00,1.50
2017.06.12 09:06:11.132,1.77054,1.77095,1.00,1.00
2017.06.12 09:06:15.616,1.77055,1.77095,1.00,1.00
2017.06.12 09:06:16.175,1.77055,1.77097,1.00,1.00
2017.06.12 09:06:18.075,1.77056,1.77097,1.00,1.00
2017.06.12 09:06:18.567,1.77053,1.77097,1.00,1.00
2017.06.12 09:06:18.618,1.77056,1.77096,1.00,1.00
2017.06.12 09:06:18.668,1.77053,1.77096,1.00,1.00
2017.06.12 09:06:19.070,1.77056,1.77095,1.00,1.00
2017.06.12 09:06:19.222,1.77054,1.77095,1.00,1.00
2017.06.12 09:06:20.327,1.77054,1.77096,1.00,1.00
2017.06.12 09:06:22.412,1.77055,1.77096,1.00,1.00
2017.06.12 09:06:23.895,1.77056,1.77096,1.00,1.00
2017.06.12 09:06:23.997,1.77054,1.77096,1.00,1.00
2017.06.12 09:06:25.115,1.77056,1.77096,1.00,1.00
2017.06.12 09:06:25.683,1.77055,1.77096,1.00,1.00
2017.06.12 09:06:26.932,1.77056,1.77096,1.00,1.00
2017.06.12 09:06:27.270,1.77058,1.77095,1.00,1.00
2017.06.12 09:06:28.185,1.77058,1.77096,1.00,1.00
2017.06.12 09:06:28.788,1.77058,1.77099,1.00,1.00
2017.06.12 09:06:29.289,1.77059,1.771,1.00,1.00
2017.06.12 09:06:29.689,1.77058,1.77098,1.00,1.00
2017.06.12 09:06:33.586,1.7706,1.77098,1.00,1.00
2017.06.12 09:06:35.632,1.77058,1.77098,1.00,1.00
2017.06.12 09:06:36.141,1.77058,1.77099,1.00,1.00
2017.06.12 09:06:36.650,1.77059,1.771,1.00,1.00
2017.06.12 09:06:37.281,1.77058,1.771,1.00,1.00
2017.06.12 09:06:37.332,1.77055,1.77098,1.00,1.00
2017.06.12 09:06:37.383,1.77052,1.77098,1.50,1.00
2017.06.12 09:06:37.434,1.77052,1.77093,1.00,1.00
2017.06.12 09:06:37.838,1.77056,1.77096,1.00,1.00
2017.06.12 09:06:38.322,1.77048,1.77089,1.37,1.00
2017.06.12 09:06:39.694,1.77049,1.77089,1.37,1.00
2017.06.12 09:06:40.269,1.77049,1.7709,1.37,1.50
2017.06.12 09:06:40.802,1.77049,1.77081,1.00,1.00
2017.06.12 09:06:40.853,1.77045,1.77081,1.00,1.00
2017.06.12 09:06:40.904,1.77045,1.77085,1.00,1.00
2017.06.12 09:06:40.955,1.77045,1.77087,1.00,1.00
2017.06.12 09:06:41.006,1.77049,1.77087,1.00,1.00
2017.06.12 09:06:41.557,1.7705,1.77088,1.12,1.00
2017.06.12 09:06:41.709,1.7705,1.7709,1.37,1.00
2017.06.12 09:06:42.354,1.7705,1.77088,1.12,1.00
2017.06.12 09:06:43.461,1.7705,1.77085,1.12,1.00
2017.06.12 09:06:43.806,1.77047,1.77081,1.12,1.00
2017.06.12 09:06:43.978,1.77045,1.77084,1.37,1.00
2017.06.12 09:06:44.122,1.77045,1.77081,1.37,1.00
2017.06.12 09:06:44.224,1.77045,1.77085,1.37,1.00
2017.06.12 09:06:44.876,1.77047,1.77084,1.37,1.00
2017.06.12 09:06:44.977,1.77047,1.77083,1.00,1.50
2017.06.12 09:06:45.028,1.77047,1.77081,1.00,1.00
2017.06.12 09:06:45.503,1.77045,1.77081,1.12,1.50
2017.06.12 09:06:45.685,1.77045,1.77083,1.37,1.00
2017.06.12 09:06:45.736,1.77047,1.77081,1.00,1.00
2017.06.12 09:06:46.001,1.77048,1.77083,1.00,1.00
2017.06.12 09:06:46.052,1.77047,1.77081,1.12,1.50
2017.06.12 09:06:46.282,1.77047,1.77083,1.00,1.00
2017.06.12 09:06:46.572,1.77047,1.77085,1.00,1.00
2017.06.12 09:06:46.850,1.77047,1.77083,1.00,1.00
2017.06.12 09:06:47.600,1.77047,1.77082,1.12,1.00
2017.06.12 09:06:47.651,1.77047,1.77085,1.12,1.00
2017.06.12 09:06:48.368,1.77047,1.77086,1.12,1.00
2017.06.12 09:06:48.792,1.77047,1.77086,1.37,1.00
2017.06.12 09:06:49.373,1.77047,1.77087,1.37,1.00
2017.06.12 09:06:50.089,1.77048,1.77085,1.37,1.00
2017.06.12 09:06:50.881,1.77048,1.77086,1.37,1.00
2017.06.12 09:06:51.561,1.7705,1.77087,1.87,1.00
2017.06.12 09:06:52.719,1.77051,1.77087,1.00,1.00
2017.06.12 09:06:53.047,1.77053,1.77085,1.00,1.00
2017.06.12 09:06:53.148,1.77049,1.77083,1.00,1.00
2017.06.12 09:06:53.329,1.77049,1.77085,1.00,1.00
2017.06.12 09:06:53.381,1.77049,1.77087,1.50,1.00
2017.06.12 09:06:55.311,1.77051,1.77088,1.00,1.50
2017.06.12 09:06:55.994,1.77051,1.77089,1.00,1.50
2017.06.12 09:07:00.354,1.77051,1.77091,1.00,1.00
2017.06.12 09:07:00.404,1.77051,1.77091,1.37,1.00
2017.06.12 09:07:00.730,1.7706,1.77095,1.87,1.00
2017.06.12 09:07:00.831,1.77061,1.77097,1.37,1.00
2017.06.12 09:07:01.321,1.77061,1.77095,1.00,1.00
2017.06.12 09:07:01.372,1.77058,1.77095,1.37,1.00
2017.06.12 09:07:01.891,1.7706,1.77095,1.00,1.00
2017.06.12 09:07:04.024,1.7706,1.77093,1.00,1.00
2017.06.12 09:07:04.374,1.77029,1.77067,2.62,1.00
2017.06.12 09:07:04.750,1.77025,1.77059,2.62,1.00
2017.06.12 09:07:04.851,1.77025,1.77059,1.37,1.00
2017.06.12 09:07:05.306,1.77023,1.77059,1.50,1.50
2017.06.12 09:07:05.357,1.77023,1.77057,1.37,1.00
2017.06.12 09:07:05.509,1.77023,1.77057,1.00,1.00
2017.06.12 09:07:05.660,1.7702,1.77056,1.37,1.00
2017.06.12 09:07:05.844,1.77018,1.77056,1.12,1.50
2017.06.12 09:07:05.944,1.77018,1.77054,1.12,1.00
2017.06.12 09:07:06.248,1.77014,1.77048,1.12,1.00
2017.06.12 09:07:06.730,1.77014,1.77046,2.62,1.00
2017.06.12 09:07:06.871,1.77014,1.77045,1.37,1.00
2017.06.12 09:07:06.922,1.77014,1.77045,1.12,1.00
2017.06.12 09:07:06.973,1.77014,1.77045,1.37,1.00
2017.06.12 09:07:07.309,1.77014,1.77047,1.37,1.00
2017.06.12 09:07:07.717,1.77014,1.77045,1.37,1.00
2017.06.12 09:07:08.220,1.77014,1.77045,1.12,1.00
2017.06.12 09:07:08.822,1.77014,1.77044,1.00,1.00
2017.06.12 09:07:08.874,1.77011,1.77044,1.00,1.00
2017.06.12 09:07:09.027,1.77011,1.77042,1.00,1.00
2017.06.12 09:07:09.078,1.77005,1.77042,1.75,1.00
2017.06.12 09:07:10.831,1.77008,1.77042,1.00,1.00
2017.06.12 09:07:10.882,1.77008,1.77035,1.00,1.00
2017.06.12 09:07:11.186,1.77,1.77029,1.00,1.00
2017.06.12 09:07:11.244,1.76996,1.77029,1.00,1.00
2017.06.12 09:07:11.760,1.76995,1.77029,1.05,1.00
2017.06.12 09:07:12.016,1.76995,1.77029,1.05,1.00
2017.06.12 09:07:12.586,1.76994,1.77029,1.42,1.00
2017.06.12 09:07:13.044,1.76994,1.77031,1.50,1.00
2017.06.12 09:07:13.448,1.76994,1.77031,1.50,1.00
2017.06.12 09:07:13.912,1.76999,1.77027,1.00,1.00
2017.06.12 09:07:13.963,1.77002,1.77035,1.00,1.00
2017.06.12 09:07:14.027,1.77002,1.77038,1.12,1.00
2017.06.12 09:07:14.078,1.77007,1.7704,1.37,1.50
2017.06.12 09:07:14.348,1.77004,1.77038,1.12,1.00
2017.06.12 09:07:14.913,1.77003,1.77037,1.00,1.00
2017.06.12 09:07:15.116,1.77003,1.77039,1.00,1.00
2017.06.12 09:07:15.284,1.76998,1.77037,1.87,1.00
2017.06.12 09:07:15.887,1.77001,1.77037,1.00,1.00
2017.06.12 09:07:16.447,1.76999,1.77038,1.00,1.00
2017.06.12 09:07:17.007,1.76999,1.77036,1.00,1.50
2017.06.12 09:07:17.311,1.77001,1.77036,1.00,1.00
2017.06.12 09:07:17.362,1.76999,1.77036,1.12,1.00
2017.06.12 09:07:17.665,1.76999,1.77038,1.00,1.00
2017.06.12 09:07:18.065,1.77,1.77036,1.00,1.00
2017.06.12 09:07:18.568,1.76999,1.77036,1.00,1.50
2017.06.12 09:07:18.873,1.77015,1.77045,1.87,1.00
2017.06.12 09:07:18.924,1.77012,1.77047,1.37,1.50
2017.06.12 09:07:19.025,1.77009,1.77048,1.37,1.00
2017.06.12 09:07:19.279,1.7701,1.77048,1.00,1.00
2017.06.12 09:07:20.058,1.77011,1.77048,1.00,1.00
2017.06.12 09:07:21.265,1.77011,1.77049,1.00,1.00
2017.06.12 09:07:21.316,1.77011,1.77047,1.00,1.00
2017.06.12 09:07:21.841,1.77009,1.77047,1.37,1.00
2017.06.12 09:07:22.872,1.77009,1.77046,1.37,1.00
2017.06.12 09:07:25.161,1.77009,1.7704,1.00,1.00
2017.06.12 09:07:25.212,1.77001,1.77039,1.75,1.00
2017.06.12 09:07:25.973,1.77,1.7704,1.12,1.00
2017.06.12 09:07:26.112,1.77,1.77036,1.37,1.00
2017.06.12 09:07:26.734,1.76997,1.77034,1.12,1.00
2017.06.12 09:07:26.785,1.76993,1.77034,1.37,1.50
2017.06.12 09:07:26.906,1.76993,1.77034,1.37,1.00
2017.06.12 09:07:27.058,1.76992,1.77034,1.87,1.00
2017.06.12 09:07:27.248,1.76991,1.77035,1.37,1.50
2017.06.12 09:07:27.349,1.76992,1.77035,1.87,1.50
2017.06.12 09:07:27.453,1.76991,1.77035,1.87,1.50
2017.06.12 09:07:27.656,1.76996,1.77037,1.12,1.00
2017.06.12 09:07:27.707,1.76997,1.77034,1.00,1.00
2017.06.12 09:07:28.099,1.76997,1.77035,1.37,1.00
2017.06.12 09:07:28.718,1.76997,1.77035,1.37,1.00
2017.06.12 09:07:28.920,1.77,1.77038,1.50,1.00
2017.06.12 09:07:29.021,1.77,1.7704,1.50,1.00
2017.06.12 09:07:29.516,1.77003,1.77042,1.37,1.00
2017.06.12 09:07:29.618,1.77005,1.7704,1.00,1.00
2017.06.12 09:07:30.146,1.77003,1.77039,1.37,1.00
2017.06.12 09:07:33.395,1.77002,1.77039,1.37,1.50
2017.06.12 09:07:34.000,1.77003,1.7704,1.37,1.50
2017.06.12 09:07:34.052,1.77003,1.7704,1.12,1.00
2017.06.12 09:07:39.081,1.77005,1.7704,1.00,1.00
2017.06.12 09:07:39.709,1.77003,1.77041,1.37,1.00
2017.06.12 09:07:40.377,1.77004,1.77042,1.12,1.00
2017.06.12 09:07:40.892,1.77002,1.7704,1.37,1.00
2017.06.12 09:07:42.377,1.77002,1.77039,1.37,1.00
2017.06.12 09:07:42.856,1.77003,1.77043,1.37,1.50
2017.06.12 09:07:43.627,1.77003,1.77044,1.37,1.50
2017.06.12 09:07:43.837,1.77003,1.77042,1.37,1.00
2017.06.12 09:07:44.310,1.77001,1.77039,1.37,1.50
2017.06.12 09:07:44.926,1.77001,1.77038,1.37,1.00
2017.06.12 09:07:45.078,1.77001,1.7704,1.37,1.00
2017.06.12 09:07:45.239,1.77001,1.77042,1.37,1.00
2017.06.12 09:07:45.821,1.76999,1.77042,1.75,1.00
2017.06.12 09:07:46.347,1.77002,1.77043,1.37,1.00
2017.06.12 09:07:46.764,1.77003,1.77045,1.37,1.00
2017.06.12 09:07:47.304,1.77003,1.77044,1.37,1.00
2017.06.12 09:07:47.815,1.77003,1.77043,1.37,1.00
2017.06.12 09:07:49.491,1.77003,1.77042,1.37,1.00
2017.06.12 09:07:51.290,1.77003,1.77042,1.12,1.00
2017.06.12 09:07:53.252,1.77003,1.77043,1.00,1.00
2017.06.12 09:07:53.596,1.77005,1.77043,1.00,1.00
2017.06.12 09:07:54.271,1.77005,1.77042,1.00,1.00
2017.06.12 09:07:54.819,1.77003,1.77042,1.00,1.00
2017.06.12 09:07:55.828,1.77003,1.7704,1.00,1.00
2017.06.12 09:07:57.253,1.77003,1.77047,1.87,1.00
2017.06.12 09:07:57.304,1.77011,1.77048,1.00,1.00
2017.06.12 09:07:57.735,1.77007,1.77047,1.37,1.00
2017.06.12 09:07:58.345,1.77007,1.77046,1.37,1.00
2017.06.12 09:07:58.559,1.77006,1.77042,1.00,1.00
2017.06.12 09:07:58.610,1.77003,1.77042,1.00,1.00
2017.06.12 09:07:58.814,1.77005,1.77044,1.12,1.00
2017.06.12 09:07:58.967,1.77005,1.77046,1.37,1.00
2017.06.12 09:07:59.077,1.77005,1.77046,1.37,1.00
2017.06.12 09:07:59.128,1.77006,1.77049,1.37,1.00
2017.06.12 09:07:59.508,1.77008,1.77047,1.37,1.00
2017.06.12 09:08:00.036,1.77008,1.77047,1.00,1.00
2017.06.12 09:08:00.339,1.77003,1.77043,1.00,1.00
2017.06.12 09:08:00.390,1.77003,1.77043,1.37,1.00
2017.06.12 09:08:00.492,1.77003,1.77044,1.12,1.00
2017.06.12 09:08:00.543,1.77005,1.77044,1.00,1.00
2017.06.12 09:08:00.799,1.77006,1.77049,1.00,1.00
2017.06.12 09:08:02.441,1.77004,1.77049,1.00,1.00
2017.06.12 09:08:02.492,1.77004,1.77047,1.00,1.00
2017.06.12 09:08:04.846,1.77003,1.77043,1.00,1.00
2017.06.12 09:08:04.948,1.76997,1.7704,1.00,1.00
2017.06.12 09:08:05.050,1.76995,1.77038,1.87,1.00
2017.06.12 09:08:05.518,1.76994,1.77037,1.12,1.00
2017.06.12 09:08:05.899,1.76993,1.77036,1.37,1.00
2017.06.12 09:08:05.951,1.76995,1.77039,1.37,1.50
2017.06.12 09:08:06.473,1.76995,1.77038,1.37,1.00
2017.06.12 09:08:07.318,1.76995,1.77038,1.87,1.00
2017.06.12 09:08:07.634,1.76995,1.77038,1.87,1.00
2017.06.12 09:08:07.736,1.76995,1.7704,1.37,1.00
2017.06.12 09:08:08.118,1.76996,1.77039,2.62,1.00
2017.06.12 09:08:08.660,1.76996,1.7704,2.62,1.00
2017.06.12 09:08:08.843,1.76996,1.7704,1.37,1.00
2017.06.12 09:08:09.002,1.77001,1.7704,1.87,1.00
2017.06.12 09:08:09.054,1.77008,1.77052,1.37,1.37
2017.06.12 09:08:09.105,1.77012,1.77052,1.37,1.37
2017.06.12 09:08:09.155,1.77012,1.77055,1.37,1.00
2017.06.12 09:08:10.157,1.77012,1.77055,1.37,1.00
2017.06.12 09:08:10.259,1.77014,1.77058,1.37,1.00
2017.06.12 09:08:10.519,1.77014,1.77056,1.37,1.00
2017.06.12 09:08:10.969,1.77014,1.77056,1.12,1.00
2017.06.12 09:08:11.020,1.77014,1.77056,1.37,1.00
2017.06.12 09:08:11.996,1.77014,1.77057,1.37,1.00
2017.06.12 09:08:13.572,1.77011,1.77056,3.37,1.00
2017.06.12 09:08:13.623,1.77011,1.77056,1.87,1.00
2017.06.12 09:08:15.262,1.77011,1.77056,1.87,1.00
2017.06.12 09:08:15.893,1.77011,1.77054,1.87,1.00
2017.06.12 09:08:16.466,1.77011,1.77053,1.87,1.00
2017.06.12 09:08:17.818,1.77011,1.77053,1.50,1.00
2017.06.12 09:08:18.122,1.77004,1.77046,1.00,1.00
2017.06.12 09:08:18.623,1.77004,1.77045,1.37,1.00
2017.06.12 09:08:19.049,1.77004,1.77046,1.87,1.00
2017.06.12 09:08:19.856,1.77004,1.77048,1.37,1.00
2017.06.12 09:08:19.907,1.77004,1.77048,1.37,1.00
2017.06.12 09:08:20.172,1.77005,1.77048,1.87,1.00
2017.06.12 09:08:20.862,1.77007,1.77049,1.37,1.00
2017.06.12 09:08:21.218,1.77007,1.77049,1.37,1.00
2017.06.12 09:08:25.266,1.77007,1.77048,1.37,1.00
2017.06.12 09:08:25.949,1.77007,1.77048,1.00,1.00
2017.06.12 09:08:27.841,1.77006,1.77048,1.00,1.00
2017.06.12 09:08:28.399,1.77005,1.77048,1.00,1.00
2017.06.12 09:08:29.156,1.77004,1.77048,1.37,1.00
2017.06.12 09:08:29.519,1.77004,1.77049,1.12,1.00
2017.06.12 09:08:30.021,1.77004,1.77048,1.12,1.00
2017.06.12 09:08:31.304,1.77003,1.77045,1.37,1.00
2017.06.12 09:08:31.557,1.77002,1.77045,1.00,1.00
2017.06.12 09:08:32.430,1.77002,1.77045,1.37,1.00
2017.06.12 09:08:33.246,1.77004,1.77045,1.00,1.00
2017.06.12 09:08:35.023,1.77004,1.77044,1.12,1.00
2017.06.12 09:08:36.295,1.77002,1.77043,1.37,1.00
2017.06.12 09:08:36.630,1.77002,1.77043,1.00,1.00
2017.06.12 09:08:37.057,1.77002,1.7704,1.00,1.00
2017.06.12 09:08:37.170,1.77,1.7704,1.00,1.00
2017.06.12 09:08:37.721,1.77,1.77039,1.00,1.00
2017.06.12 09:08:38.223,1.77,1.77038,1.00,1.00
2017.06.12 09:08:40.468,1.77,1.7704,1.00,1.00
2017.06.12 09:08:41.120,1.77,1.77041,1.00,1.00
2017.06.12 09:08:42.144,1.77007,1.77048,1.00,1.00
2017.06.12 09:08:42.246,1.77007,1.77051,1.37,1.00
2017.06.12 09:08:42.347,1.7701,1.77053,1.00,1.00
2017.06.12 09:08:42.449,1.7701,1.77048,1.00,1.00
2017.06.12 09:08:42.651,1.77007,1.77048,1.12,1.00
2017.06.12 09:08:42.702,1.77005,1.77047,1.75,1.00
2017.06.12 09:08:42.905,1.77006,1.77046,1.00,1.00
2017.06.12 09:08:43.644,1.77006,1.77046,1.37,1.00
2017.06.12 09:08:43.870,1.77006,1.77038,1.12,1.00
2017.06.12 09:08:43.921,1.77006,1.7704,1.00,1.00
2017.06.12 09:08:43.972,1.76999,1.77039,2.62,1.00
2017.06.12 09:08:44.023,1.76999,1.77042,1.87,1.00
2017.06.12 09:08:44.074,1.77,1.77043,2.62,1.00
2017.06.12 09:08:44.592,1.77002,1.77042,1.37,1.00
2017.06.12 09:08:44.919,1.77002,1.77047,1.37,1.00
2017.06.12 09:08:45.454,1.77007,1.77047,1.12,1.00
2017.06.12 09:08:48.626,1.77007,1.77046,1.00,1.00
2017.06.12 09:08:51.666,1.77008,1.7705,1.12,1.00
2017.06.12 09:08:51.717,1.77009,1.77052,1.37,1.00
2017.06.12 09:08:52.211,1.77011,1.77048,1.00,1.00
2017.06.12 09:08:52.313,1.77008,1.77047,1.00,1.00
2017.06.12 09:08:52.843,1.77007,1.77048,1.37,1.00
2017.06.12 09:08:53.916,1.77007,1.77048,1.00,1.00
2017.06.12 09:08:55.140,1.77007,1.77051,1.50,1.00
2017.06.12 09:08:55.191,1.77011,1.77052,1.37,1.00
2017.06.12 09:08:55.639,1.7701,1.77048,1.00,1.00
2017.06.12 09:08:55.741,1.77007,1.77048,1.37,1.00
2017.06.12 09:08:56.303,1.77007,1.77049,1.37,1.00
2017.06.12 09:08:56.893,1.77007,1.77049,1.37,1.00
2017.06.12 09:08:57.223,1.77012,1.77051,1.00,1.00
2017.06.12 09:08:57.554,1.77007,1.77048,1.37,1.00
2017.06.12 09:08:58.006,1.7701,1.77052,1.37,1.00
2017.06.12 09:08:58.206,1.7701,1.77052,1.37,1.00
2017.06.12 09:08:58.257,1.7701,1.77049,1.00,1.00
2017.06.12 09:08:58.716,1.77007,1.77048,1.00,1.00
2017.06.12 09:08:58.768,1.77007,1.7705,1.00,1.00
2017.06.12 09:08:59.326,1.77007,1.77049,1.00,1.00
2017.06.12 09:08:59.427,1.77007,1.77049,1.37,1.00
2017.06.12 09:08:59.478,1.7701,1.77052,1.12,1.00
2017.06.12 09:08:59.983,1.77008,1.7705,1.37,1.00
2017.06.12 09:09:02.108,1.77009,1.7705,1.12,1.00
2017.06.12 09:09:05.296,1.77009,1.7705,1.37,1.00
2017.06.12 09:09:05.397,1.77011,1.77053,1.00,1.00
2017.06.12 09:09:05.485,1.77013,1.77053,1.00,1.00
2017.06.12 09:09:06.839,1.77013,1.7705,1.00,1.00
2017.06.12 09:09:06.890,1.77011,1.77049,1.00,1.00
2017.06.12 09:09:06.992,1.77008,1.77048,1.00,1.00
2017.06.12 09:09:07.725,1.77008,1.77047,1.00,1.00
2017.06.12 09:09:09.020,1.77008,1.7705,1.00,1.00
2017.06.12 09:09:09.166,1.77008,1.77046,1.00,1.00
2017.06.12 09:09:09.217,1.77005,1.77045,1.00,1.00
2017.06.12 09:09:09.420,1.77006,1.77043,1.00,1.00
2017.06.12 09:09:09.490,1.77004,1.77043,1.00,1.00
2017.06.12 09:09:09.815,1.77002,1.77042,1.00,1.00
2017.06.12 09:09:09.866,1.77002,1.77043,1.37,1.00
2017.06.12 09:09:10.425,1.77005,1.77043,1.12,1.00
2017.06.12 09:09:10.578,1.77001,1.77043,1.37,1.00
2017.06.12 09:09:10.629,1.77001,1.77035,1.37,1.00
2017.06.12 09:09:10.772,1.76994,1.77033,1.37,1.00
2017.06.12 09:09:10.875,1.76995,1.77039,1.37,1.00
2017.06.12 09:09:10.926,1.76997,1.7704,1.37,1.00
2017.06.12 09:09:11.028,1.76998,1.7704,1.12,1.00
2017.06.12 09:09:11.149,1.76999,1.77042,1.37,1.00
2017.06.12 09:09:11.263,1.76999,1.77042,1.37,1.00
2017.06.12 09:09:11.587,1.77001,1.77042,1.87,1.00
2017.06.12 09:09:11.689,1.77,1.77045,1.37,1.00
2017.06.12 09:09:12.044,1.77002,1.77045,1.37,1.00
2017.06.12 09:09:12.703,1.77005,1.77046,1.37,1.00
2017.06.12 09:09:16.031,1.77001,1.77043,1.37,1.00
2017.06.12 09:09:16.455,1.77003,1.77047,1.37,1.00
2017.06.12 09:09:16.608,1.77004,1.77048,1.37,1.00
2017.06.12 09:09:16.914,1.77005,1.77048,2.62,1.00
2017.06.12 09:09:17.631,1.77005,1.77049,4.12,1.00
2017.06.12 09:09:17.862,1.77008,1.77052,1.87,1.00
2017.06.12 09:09:18.102,1.77009,1.77053,1.87,1.00
2017.06.12 09:09:18.452,1.77011,1.77053,1.37,1.00
2017.06.12 09:09:19.636,1.77011,1.77053,1.37,1.00
2017.06.12 09:09:20.172,1.77012,1.77052,1.37,1.00
2017.06.12 09:09:23.503,1.77012,1.77053,1.37,1.00
2017.06.12 09:09:25.913,1.77012,1.77053,2.62,1.00
2017.06.12 09:09:26.361,1.77014,1.77053,1.37,1.00
2017.06.12 09:09:29.032,1.77014,1.77053,1.00,1.00
2017.06.12 09:09:29.853,1.77014,1.77055,1.37,1.00
2017.06.12 09:09:33.512,1.77016,1.77055,1.37,1.00
2017.06.12 09:09:33.563,1.77016,1.77055,1.12,1.00
2017.06.12 09:09:33.665,1.77016,1.77055,1.37,1.00
2017.06.12 09:09:34.445,1.77016,1.77056,1.37,1.00
2017.06.12 09:09:38.597,1.77016,1.77056,1.12,1.00
2017.06.12 09:09:39.913,1.77014,1.77055,1.37,1.00
2017.06.12 09:09:48.817,1.77014,1.77053,1.37,1.00
2017.06.12 09:09:49.488,1.77013,1.77053,1.87,1.00
2017.06.12 09:09:49.640,1.77002,1.77043,1.75,1.00
2017.06.12 09:09:49.691,1.77002,1.7704,1.37,1.00
2017.06.12 09:09:50.182,1.77002,1.7704,1.12,1.00
2017.06.12 09:09:50.825,1.77002,1.77041,1.12,1.00
2017.06.12 09:09:52.175,1.77,1.77037,1.05,1.00
2017.06.12 09:09:52.952,1.76999,1.77035,1.37,1.00
2017.06.12 09:09:53.555,1.76999,1.77034,1.37,1.00
2017.06.12 09:09:54.119,1.76999,1.77034,1.00,1.00
2017.06.12 09:09:54.271,1.76995,1.77033,1.37,1.00
2017.06.12 09:09:54.474,1.76996,1.77027,1.00,1.00
2017.06.12 09:09:54.525,1.76996,1.7703,1.00,1.00
2017.06.12 09:09:54.576,1.7699,1.77031,1.75,1.00
2017.06.12 09:09:54.627,1.7699,1.77027,2.62,1.00
2017.06.12 09:09:54.678,1.7699,1.77029,2.62,1.00
2017.06.12 09:09:55.222,1.76991,1.7703,1.87,1.00
2017.06.12 09:09:55.273,1.76991,1.77032,1.87,1.00
2017.06.12 09:09:55.324,1.76991,1.77035,2.62,1.00
2017.06.12 09:09:55.718,1.76996,1.77035,1.37,1.00
2017.06.12 09:09:58.854,1.76997,1.77036,1.37,1.00
2017.06.12 09:10:00.257,1.76997,1.77034,1.37,1.00
2017.06.12 09:10:00.760,1.76993,1.77034,1.37,1.00
2017.06.12 09:10:01.507,1.76995,1.77035,1.37,1.00
2017.06.12 09:10:01.852,1.76992,1.77035,1.37,1.00
2017.06.12 09:10:04.378,1.76993,1.77034,2.62,1.00
2017.06.12 09:10:04.980,1.76995,1.77035,2.62,1.00
2017.06.12 09:10:05.142,1.76995,1.77035,1.37,1.00
2017.06.12 09:10:08.157,1.76996,1.77034,1.37,1.00
2017.06.12 09:10:10.248,1.76996,1.77035,1.37,1.00
2017.06.12 09:10:10.716,1.76994,1.77034,1.37,1.00
2017.06.12 09:10:10.977,1.76994,1.77034,1.12,1.00
2017.06.12 09:10:12.081,1.76994,1.77035,1.12,1.00
2017.06.12 09:10:12.362,1.76994,1.77034,1.37,1.00
2017.06.12 09:10:12.666,1.76988,1.7703,1.37,1.00
2017.06.12 09:10:12.717,1.76988,1.77026,1.37,1.00
2017.06.12 09:10:12.818,1.76988,1.77028,1.37,1.00
2017.06.12 09:10:13.707,1.76987,1.77028,1.87,1.00
2017.06.12 09:10:14.414,1.76986,1.77028,1.37,1.00
2017.06.12 09:10:14.985,1.76984,1.77028,2.62,1.00
2017.06.12 09:10:15.359,1.76984,1.77025,1.87,1.00
2017.06.12 09:10:15.677,1.76992,1.77032,1.87,1.00
2017.06.12 09:10:16.103,1.76992,1.7703,1.87,1.00
2017.06.12 09:10:16.154,1.7699,1.77029,1.87,1.00
2017.06.12 09:10:16.866,1.76989,1.77029,1.87,1.00
2017.06.12 09:10:18.367,1.76989,1.77029,1.37,1.00
2017.06.12 09:10:18.418,1.76989,1.77017,1.00,1.00
2017.06.12 09:10:18.468,1.76981,1.77016,1.50,1.00
2017.06.12 09:10:18.756,1.7698,1.77017,1.87,1.00
2017.06.12 09:10:19.018,1.76978,1.77017,1.87,1.00
2017.06.12 09:10:19.586,1.76978,1.77018,2.62,1.00
2017.06.12 09:10:20.390,1.76978,1.77017,2.62,1.00
2017.06.12 09:10:20.653,1.76978,1.77015,2.62,1.00
2017.06.12 09:10:21.356,1.76976,1.77015,1.50,1.00
2017.06.12 09:10:21.929,1.76976,1.77015,2.62,1.00
2017.06.12 09:10:22.047,1.76976,1.77013,2.62,1.00
2017.06.12 09:10:22.380,1.76976,1.77013,1.37,1.00
2017.06.12 09:10:22.893,1.76974,1.77013,1.37,1.00
2017.06.12 09:10:24.866,1.76974,1.77014,1.37,1.00
2017.06.12 09:10:26.077,1.76974,1.77013,1.37,1.00
2017.06.12 09:10:26.178,1.76974,1.77015,1.37,1.00
2017.06.12 09:10:27.221,1.76975,1.77015,1.37,1.00
2017.06.12 09:10:28.053,1.76975,1.77004,1.00,1.00
2017.06.12 09:10:28.104,1.76965,1.77002,1.87,1.00
2017.06.12 09:10:28.155,1.76965,1.76999,1.75,1.00
2017.06.12 09:10:28.257,1.76956,1.76999,1.87,1.00
2017.06.12 09:10:28.495,1.76962,1.77001,1.87,1.00
2017.06.12 09:10:28.642,1.76969,1.7701,1.37,1.00
2017.06.12 09:10:29.272,1.76969,1.77009,1.37,1.00
2017.06.12 09:10:29.323,1.76969,1.77011,1.37,1.00
2017.06.12 09:10:29.374,1.76969,1.77011,2.62,1.00
2017.06.12 09:10:29.916,1.76971,1.77011,1.37,1.00
2017.06.12 09:10:30.518,1.76971,1.77012,1.37,1.00
2017.06.12 09:10:30.980,1.76974,1.77016,1.12,1.00
2017.06.12 09:10:31.491,1.76973,1.77017,1.00,1.00
2017.06.12 09:10:31.805,1.76973,1.77017,1.37,1.00
2017.06.12 09:10:32.108,1.76985,1.77028,1.37,1.87
2017.06.12 09:10:32.245,1.76985,1.77028,1.00,1.50
2017.06.12 09:10:32.296,1.76984,1.77026,1.00,1.00
2017.06.12 09:10:32.499,1.7698,1.77023,1.00,1.00
2017.06.12 09:10:33.075,1.76978,1.77022,1.00,1.50
2017.06.12 09:10:33.293,1.76976,1.77015,1.37,1.00
2017.06.12 09:10:33.597,1.76964,1.77005,1.37,1.50
2017.06.12 09:10:33.925,1.7696,1.76998,1.87,1.50
2017.06.12 09:10:34.462,1.7696,1.76997,1.87,1.50
2017.06.12 09:10:35.039,1.76958,1.76997,2.62,1.50
2017.06.12 09:10:35.361,1.76958,1.76997,1.37,1.00
2017.06.12 09:10:35.917,1.76958,1.76996,1.37,1.00
2017.06.12 09:10:36.403,1.76955,1.76996,1.37,1.00
2017.06.12 09:10:37.188,1.76954,1.76995,2.25,1.00
2017.06.12 09:10:37.239,1.76954,1.76995,2.25,1.00
2017.06.12 09:10:37.289,1.76954,1.76984,1.12,1.00
2017.06.12 09:10:37.442,1.76934,1.76971,1.75,1.00
2017.06.12 09:10:37.670,1.7693,1.7697,1.75,1.00
2017.06.12 09:10:37.822,1.7693,1.76972,1.75,1.00
2017.06.12 09:10:37.923,1.76927,1.76967,1.37,1.00
2017.06.12 09:10:38.285,1.76924,1.76965,3.00,1.00
2017.06.12 09:10:38.336,1.76926,1.76968,1.37,1.00
2017.06.12 09:10:38.881,1.76926,1.76969,1.87,1.00
2017.06.12 09:10:39.846,1.76926,1.7697,1.87,1.50
2017.06.12 09:10:40.033,1.76929,1.76968,1.37,1.00
2017.06.12 09:10:40.135,1.76929,1.76968,1.00,1.00
2017.06.12 09:10:40.337,1.76926,1.76969,1.87,1.00
2017.06.12 09:10:45.984,1.76926,1.76967,2.62,1.00
2017.06.12 09:10:46.492,1.76925,1.76966,1.37,1.00
2017.06.12 09:10:47.568,1.76925,1.76965,1.37,1.00
2017.06.12 09:10:47.619,1.76921,1.7696,1.75,1.00
2017.06.12 09:10:47.720,1.76917,1.76956,1.50,1.00
2017.06.12 09:10:47.822,1.76921,1.76962,1.37,1.00
2017.06.12 09:10:47.873,1.76921,1.76962,1.37,1.00
2017.06.12 09:10:48.176,1.76925,1.76964,1.37,1.00
2017.06.12 09:10:49.257,1.76925,1.76964,1.37,1.00
2017.06.12 09:10:49.308,1.76925,1.76964,1.37,1.00
2017.06.12 09:10:49.359,1.76925,1.76966,1.37,1.00
2017.06.12 09:10:49.893,1.76925,1.76965,1.37,1.00
2017.06.12 09:10:50.941,1.76925,1.76965,2.62,1.00
2017.06.12 09:10:51.093,1.76926,1.76967,1.37,1.00
2017.06.12 09:10:52.317,1.76927,1.76967,1.12,1.00
2017.06.12 09:10:54.014,1.76925,1.76968,1.37,1.00
2017.06.12 09:10:54.065,1.76925,1.76967,1.12,1.00
2017.06.12 09:10:54.166,1.76925,1.76954,1.00,1.00
2017.06.12 09:10:54.217,1.76914,1.76956,1.75,1.50
2017.06.12 09:10:54.268,1.76915,1.76958,1.87,1.00
2017.06.12 09:10:54.631,1.76915,1.76956,2.62,1.00
2017.06.12 09:10:54.942,1.76915,1.76956,1.37,1.00
2017.06.12 09:10:55.101,1.76915,1.76955,1.12,1.00
2017.06.12 09:10:55.203,1.76913,1.76952,1.37,1.00
2017.06.12 09:10:55.355,1.76913,1.76954,1.37,1.00
2017.06.12 09:10:55.910,1.76915,1.76953,1.00,1.00
2017.06.12 09:10:56.413,1.76914,1.76953,1.12,1.00
2017.06.12 09:10:56.541,1.76914,1.76951,1.12,1.00
2017.06.12 09:10:58.151,1.76914,1.76953,1.12,1.00
2017.06.12 09:10:59.092,1.76914,1.76952,1.00,1.00
2017.06.12 09:10:59.193,1.76914,1.76949,1.00,1.00
2017.06.12 09:10:59.245,1.76911,1.76947,1.00,1.00
2017.06.12 09:10:59.296,1.76911,1.76943,1.00,1.00
2017.06.12 09:10:59.346,1.76905,1.76941,1.00,1.00
2017.06.12 09:10:59.449,1.76903,1.76941,1.00,1.00
2017.06.12 09:10:59.673,1.76903,1.76944,1.87,1.00
2017.06.12 09:11:00.136,1.76909,1.76951,1.00,1.00
2017.06.12 09:11:00.187,1.76908,1.76949,1.00,1.00
2017.06.12 09:11:00.238,1.7691,1.76953,1.00,1.00
2017.06.12 09:11:00.427,1.76905,1.76946,1.00,1.00
2017.06.12 09:11:00.529,1.76906,1.76949,1.00,1.00
2017.06.12 09:11:00.580,1.76909,1.7695,1.00,1.00
2017.06.12 09:11:00.630,1.76907,1.76949,1.00,1.00
2017.06.12 09:11:00.782,1.76912,1.76955,1.00,1.00
2017.06.12 09:11:00.985,1.7691,1.76952,1.00,1.00
2017.06.12 09:11:01.086,1.76908,1.76951,1.12,1.00
2017.06.12 09:11:01.239,1.76907,1.76949,1.00,1.00
2017.06.12 09:11:01.640,1.76907,1.76937,1.00,1.00
2017.06.12 09:11:01.921,1.76906,1.76945,1.87,1.00
2017.06.12 09:11:01.972,1.76911,1.76946,1.87,1.00
2017.06.12 09:11:02.023,1.76918,1.76957,1.87,2.25
2017.06.12 09:11:02.226,1.76917,1.76958,1.37,1.00
2017.06.12 09:11:02.277,1.76917,1.76956,1.37,1.00
2017.06.12 09:11:02.735,1.76917,1.76955,1.37,1.50
2017.06.12 09:11:02.836,1.76914,1.76949,1.87,1.00
2017.06.12 09:11:02.887,1.76914,1.76948,1.87,1.00
2017.06.12 09:11:03.039,1.7691,1.76946,1.87,1.00
2017.06.12 09:11:03.186,1.76907,1.76944,2.62,1.00
2017.06.12 09:11:03.679,1.76907,1.76942,1.87,1.00
2017.06.12 09:11:03.878,1.76908,1.76944,1.87,1.00
2017.06.12 09:11:03.985,1.76906,1.76944,1.37,1.00
2017.06.12 09:11:04.138,1.76905,1.76942,2.62,1.00
2017.06.12 09:11:04.442,1.76905,1.7694,1.87,1.00
2017.06.12 09:11:04.493,1.76904,1.7694,1.37,1.00
2017.06.12 09:11:05.115,1.76905,1.7694,1.37,1.00
2017.06.12 09:11:07.118,1.76903,1.7694,1.87,1.00
2017.06.12 09:11:07.473,1.76904,1.76941,1.37,1.50
2017.06.12 09:11:07.524,1.76904,1.76939,1.37,1.00
2017.06.12 09:11:07.676,1.76899,1.76937,1.37,1.00
2017.06.12 09:11:07.727,1.76899,1.76932,1.37,1.00
2017.06.12 09:11:07.778,1.76899,1.76932,1.12,1.00
2017.06.12 09:11:07.829,1.76899,1.76935,1.12,1.00
2017.06.12 09:11:07.930,1.76898,1.76938,1.37,1.00
2017.06.12 09:11:08.163,1.76898,1.76937,1.37,1.00
2017.06.12 09:11:08.468,1.76901,1.76938,1.37,1.50
2017.06.12 09:11:08.839,1.76901,1.7694,1.37,1.00
2017.06.12 09:11:09.143,1.76904,1.76939,1.37,1.00
2017.06.12 09:11:09.246,1.76904,1.76939,1.12,1.00
2017.06.12 09:11:09.297,1.76904,1.76939,1.37,1.00
2017.06.12 09:11:09.347,1.76905,1.76941,1.37,1.00
2017.06.12 09:11:09.468,1.76905,1.76941,1.37,1.00
2017.06.12 09:11:09.620,1.76904,1.76943,1.37,1.50
2017.06.12 09:11:09.671,1.76904,1.76941,4.12,1.00
2017.06.12 09:11:10.438,1.76905,1.76942,1.87,1.00
2017.06.12 09:11:12.095,1.76905,1.76943,1.87,1.00
2017.06.12 09:11:12.406,1.76914,1.76946,1.12,1.50
2017.06.12 09:11:12.766,1.76908,1.76941,1.37,1.00
2017.06.12 09:11:13.438,1.76907,1.76942,1.87,1.00
2017.06.12 09:11:16.873,1.76908,1.76942,1.87,1.00
2017.06.12 09:11:16.924,1.76908,1.76945,1.87,1.00
2017.06.12 09:11:17.457,1.76909,1.76945,1.87,1.00
2017.06.12 09:11:20.109,1.76907,1.76943,2.62,1.00
2017.06.12 09:11:21.696,1.76907,1.76944,2.62,1.50
2017.06.12 09:11:22.225,1.76914,1.7695,1.87,1.00
2017.06.12 09:11:22.276,1.76913,1.76953,1.87,1.50
2017.06.12 09:11:22.398,1.7692,1.76956,1.00,1.00
2017.06.12 09:11:22.449,1.76916,1.76944,1.00,1.00
2017.06.12 09:11:22.551,1.76908,1.76942,1.12,1.00
2017.06.12 09:11:22.602,1.76906,1.76941,2.25,1.00
2017.06.12 09:11:22.652,1.76906,1.76945,2.25,1.00
2017.06.12 09:11:22.703,1.76909,1.76944,1.87,1.00
2017.06.12 09:11:22.754,1.76909,1.76946,1.87,1.00
2017.06.12 09:11:23.301,1.7691,1.76946,1.87,1.50
2017.06.12 09:11:23.412,1.76908,1.76946,3.37,1.50
2017.06.12 09:11:23.932,1.76909,1.76946,2.62,1.50
2017.06.12 09:11:24.186,1.76909,1.76946,1.37,1.00
2017.06.12 09:11:24.237,1.76909,1.76944,1.37,1.00
2017.06.12 09:11:24.735,1.76907,1.76942,2.62,1.00
2017.06.12 09:11:25.333,1.76906,1.76942,2.62,1.00
2017.06.12 09:11:25.934,1.76907,1.76942,1.87,1.00
2017.06.12 09:11:26.679,1.76906,1.76942,1.37,1.00
2017.06.12 09:11:28.597,1.76906,1.76942,1.12,1.50
2017.06.12 09:11:29.103,1.76904,1.76942,1.37,1.50
2017.06.12 09:11:29.928,1.76904,1.76942,1.12,1.50
2017.06.12 09:11:30.410,1.76909,1.76949,1.37,1.00
2017.06.12 09:11:30.461,1.76912,1.76951,1.87,1.00
2017.06.12 09:11:30.512,1.76915,1.76955,1.37,1.00
2017.06.12 09:11:30.563,1.7693,1.76964,1.00,1.50
2017.06.12 09:11:30.884,1.76922,1.76954,1.00,1.00
2017.06.12 09:11:31.401,1.76921,1.76955,1.00,1.50
2017.06.12 09:11:32.117,1.76921,1.76954,1.00,1.50
2017.06.12 09:11:34.375,1.76921,1.76955,1.00,1.00
2017.06.12 09:11:35.294,1.76921,1.76956,1.00,1.00
2017.06.12 09:11:41.090,1.76921,1.76954,1.00,1.00
2017.06.12 09:11:42.850,1.76921,1.76955,1.00,1.00
2017.06.12 09:11:45.163,1.76921,1.76952,1.00,1.00
2017.06.12 09:11:45.214,1.76918,1.76952,1.00,1.00
2017.06.12 09:11:46.077,1.76919,1.76952,1.00,1.00
2017.06.12 09:11:47.533,1.76919,1.7696,1.87,1.00
2017.06.12 09:11:47.678,1.76925,1.7696,1.37,1.00
2017.06.12 09:11:47.795,1.76925,1.7696,1.00,1.00
2017.06.12 09:11:48.639,1.76925,1.76958,1.00,1.00
2017.06.12 09:11:49.885,1.76925,1.76957,1.00,1.00
2017.06.12 09:11:52.396,1.76925,1.76958,1.12,1.00
2017.06.12 09:11:53.019,1.76925,1.76959,1.12,1.00
2017.06.12 09:11:53.070,1.76925,1.76961,1.12,1.00
2017.06.12 09:11:53.325,1.76925,1.76958,1.00,1.00
2017.06.12 09:11:53.665,1.76928,1.76958,1.00,1.00
2017.06.12 09:11:53.716,1.76923,1.76958,1.00,1.00
2017.06.12 09:11:53.767,1.76923,1.76956,1.00,1.00
2017.06.12 09:11:54.584,1.76921,1.76956,1.00,1.50
2017.06.12 09:11:54.685,1.76921,1.76957,1.37,1.50
2017.06.12 09:11:55.321,1.76923,1.76958,1.12,1.00
2017.06.12 09:11:55.721,1.76926,1.76959,1.00,1.00
2017.06.12 09:11:57.050,1.76926,1.76958,1.00,1.00
2017.06.12 09:11:57.618,1.76924,1.76958,1.37,1.00
2017.06.12 09:11:58.559,1.76923,1.76957,1.37,1.50
2017.06.12 09:11:58.892,1.76922,1.76955,1.12,1.00
2017.06.12 09:11:59.044,1.7692,1.76955,1.00,1.00
2017.06.12 09:11:59.710,1.7692,1.76955,1.37,1.00
2017.06.12 09:12:00.296,1.7692,1.76955,1.37,1.50
2017.06.12 09:12:00.803,1.76921,1.76955,1.00,1.50
2017.06.12 09:12:00.987,1.76921,1.76957,1.37,1.00
2017.06.12 09:12:01.233,1.76923,1.76957,1.37,1.50
2017.06.12 09:12:04.615,1.76918,1.76953,1.00,1.00
2017.06.12 09:12:05.712,1.76918,1.76952,1.00,1.00
2017.06.12 09:12:06.848,1.76918,1.76955,1.87,1.00
2017.06.12 09:12:06.899,1.76918,1.76956,1.12,1.50
2017.06.12 09:12:06.950,1.76926,1.76957,1.00,1.00
2017.06.12 09:12:07.190,1.76923,1.76955,1.00,1.00
2017.06.12 09:12:07.241,1.7692,1.76955,1.12,1.00
2017.06.12 09:12:07.778,1.76921,1.76955,1.00,1.00
2017.06.12 09:12:08.279,1.76921,1.76957,1.00,1.50
2017.06.12 09:12:08.560,1.76924,1.76956,1.00,1.50
2017.06.12 09:12:09.350,1.76921,1.76955,1.00,1.00
2017.06.12 09:12:10.227,1.76922,1.76959,1.00,1.00
2017.06.12 09:12:10.430,1.76922,1.76954,1.00,1.00
2017.06.12 09:12:10.531,1.7692,1.76954,1.00,1.00
2017.06.12 09:12:10.959,1.7692,1.76957,1.00,1.00
2017.06.12 09:12:11.061,1.76925,1.76955,1.00,1.00
2017.06.12 09:12:11.423,1.76923,1.76955,1.00,1.00
2017.06.12 09:12:11.848,1.76921,1.76953,1.00,1.00
2017.06.12 09:12:11.949,1.76919,1.76952,1.00,1.00
2017.06.12 09:12:12.256,1.76917,1.76952,1.00,1.00
2017.06.12 09:12:12.540,1.76917,1.7695,1.00,1.50
2017.06.12 09:12:13.072,1.76916,1.7695,1.00,1.50
2017.06.12 09:12:13.377,1.76919,1.76949,1.00,1.00
2017.06.12 09:12:14.631,1.76919,1.76951,1.00,1.50
2017.06.12 09:12:15.193,1.76919,1.7695,1.00,1.00
2017.06.12 09:12:16.530,1.76919,1.76951,1.00,1.50
2017.06.12 09:12:18.026,1.76919,1.76953,1.37,1.00
2017.06.12 09:12:18.077,1.76924,1.76955,1.00,1.50
2017.06.12 09:12:18.483,1.76924,1.76953,1.00,1.00
2017.06.12 09:12:18.584,1.76922,1.76953,1.00,1.00
2017.06.12 09:12:19.266,1.76922,1.7695,1.00,1.00
2017.06.12 09:12:19.536,1.76919,1.7695,1.00,1.50
2017.06.12 09:12:19.587,1.76919,1.76952,1.00,1.00
2017.06.12 09:12:19.638,1.76921,1.76957,1.00,1.50
2017.06.12 09:12:19.740,1.76928,1.76957,1.00,1.50
2017.06.12 09:12:20.082,1.76928,1.76959,1.00,1.50
2017.06.12 09:12:20.284,1.76931,1.7696,1.00,1.00
2017.06.12 09:12:23.156,1.76929,1.76959,1.00,1.50
2017.06.12 09:12:23.257,1.76927,1.76957,1.00,1.00
2017.06.12 09:12:23.560,1.76924,1.76956,1.00,1.50
2017.06.12 09:12:23.688,1.76924,1.76953,1.00,1.00
2017.06.12 09:12:24.011,1.76924,1.76956,1.00,1.50
2017.06.12 09:12:24.062,1.76926,1.76957,1.00,1.50
2017.06.12 09:12:24.810,1.76925,1.76956,1.00,1.50
2017.06.12 09:12:25.158,1.76925,1.76954,1.00,1.00
2017.06.12 09:12:25.498,1.76923,1.76953,1.00,1.00
2017.06.12 09:12:25.549,1.76923,1.76956,1.00,1.50
2017.06.12 09:12:25.845,1.76925,1.76956,1.00,1.50
2017.06.12 09:12:26.728,1.76924,1.76956,1.00,1.50
2017.06.12 09:12:28.807,1.76924,1.76957,1.00,1.00
2017.06.12 09:12:29.625,1.76924,1.76956,1.00,1.00
2017.06.12 09:12:31.743,1.76924,1.76956,1.37,1.00
2017.06.12 09:12:31.845,1.76927,1.7696,1.00,1.00
2017.06.12 09:12:31.946,1.76927,1.76963,1.00,1.50
2017.06.12 09:12:32.430,1.76927,1.76961,1.00,1.00
2017.06.12 09:12:32.853,1.76924,1.76961,1.00,1.50
2017.06.12 09:12:32.904,1.76925,1.76962,1.87,1.00
2017.06.12 09:12:33.171,1.76934,1.76971,1.37,1.00
2017.06.12 09:12:33.272,1.76937,1.76971,1.00,1.00
2017.06.12 09:12:33.952,1.76937,1.76972,1.00,1.50
2017.06.12 09:12:34.335,1.76937,1.76974,1.37,1.00
2017.06.12 09:12:34.921,1.76937,1.76975,1.37,1.00
2017.06.12 09:12:35.716,1.7694,1.76975,1.00,1.00
2017.06.12 09:12:38.921,1.7694,1.76974,1.00,1.50
2017.06.12 09:12:40.548,1.7694,1.76972,1.00,1.00
2017.06.12 09:12:41.717,1.76939,1.76972,1.12,1.00
2017.06.12 09:12:42.242,1.76939,1.76973,1.00,1.00
2017.06.12 09:12:42.593,1.76934,1.76968,1.00,1.50
2017.06.12 09:12:42.894,1.7693,1.76968,1.37,1.00
2017.06.12 09:12:43.283,1.7693,1.76966,1.37,1.00
2017.06.12 09:12:43.908,1.7693,1.76966,1.37,1.50
2017.06.12 09:12:44.422,1.7693,1.76966,1.12,1.00
2017.06.12 09:12:44.961,1.7693,1.76965,1.12,1.00
2017.06.12 09:12:45.985,1.7693,1.76965,1.37,1.50
2017.06.12 09:12:46.036,1.7693,1.76968,1.87,1.50
2017.06.12 09:12:46.137,1.76933,1.76971,1.00,1.00
2017.06.12 09:12:46.189,1.76935,1.76972,1.37,1.50
2017.06.12 09:12:46.363,1.76935,1.76971,1.12,1.00
2017.06.12 09:12:46.414,1.76938,1.76972,1.00,1.50
2017.06.12 09:12:47.605,1.76937,1.76971,1.37,1.00
2017.06.12 09:12:48.705,1.76938,1.76971,1.37,1.00
2017.06.12 09:12:49.654,1.76938,1.76971,1.00,1.00
2017.06.12 09:12:50.017,1.76938,1.76972,1.37,1.00
2017.06.12 09:12:50.068,1.76938,1.76972,1.00,1.00
2017.06.12 09:12:50.119,1.7694,1.76972,1.00,1.00
2017.06.12 09:12:50.845,1.7694,1.76973,1.00,1.00
2017.06.12 09:12:51.458,1.7694,1.76974,1.00,1.00
2017.06.12 09:12:53.518,1.7694,1.76975,1.12,1.50
2017.06.12 09:12:53.998,1.7694,1.76973,1.00,1.00
2017.06.12 09:12:57.925,1.7694,1.76974,1.00,1.50
2017.06.12 09:12:59.160,1.7694,1.76972,1.00,1.00
2017.06.12 09:12:59.313,1.76934,1.7697,1.12,1.00
2017.06.12 09:13:00.676,1.76934,1.76974,1.12,1.50
2017.06.12 09:13:00.727,1.76935,1.76973,1.37,1.00
2017.06.12 09:13:01.410,1.76937,1.76972,1.12,1.00
2017.06.12 09:13:02.317,1.76937,1.7697,1.00,1.50
2017.06.12 09:13:02.611,1.76935,1.7697,1.00,1.50
2017.06.12 09:13:03.719,1.76935,1.76969,1.00,1.50
2017.06.12 09:13:05.258,1.76935,1.7697,1.00,1.50
2017.06.12 09:13:06.270,1.76934,1.76971,1.37,1.00
2017.06.12 09:13:06.771,1.76934,1.7697,1.37,1.00
2017.06.12 09:13:07.163,1.76937,1.76971,1.00,1.00
2017.06.12 09:13:10.202,1.76934,1.76971,1.00,1.00
2017.06.12 09:13:10.405,1.76934,1.76972,1.37,1.50
2017.06.12 09:13:10.947,1.76934,1.76971,1.37,1.00
2017.06.12 09:13:11.287,1.76938,1.76972,1.00,1.50
2017.06.12 09:13:11.751,1.76938,1.76969,1.00,1.50
2017.06.12 09:13:13.100,1.76937,1.76969,1.00,1.00
2017.06.12 09:13:14.844,1.76933,1.76967,1.00,1.50
2017.06.12 09:13:15.523,1.76933,1.76965,1.00,1.00
2017.06.12 09:13:15.809,1.7693,1.76965,1.00,1.00
2017.06.12 09:13:16.335,1.7693,1.76966,1.00,1.00
2017.06.12 09:13:16.630,1.7693,1.76964,1.00,1.00
2017.06.12 09:13:17.161,1.7693,1.76963,1.00,1.50
2017.06.12 09:13:17.541,1.7693,1.76965,1.00,1.00
2017.06.12 09:13:18.613,1.7693,1.76966,1.00,1.00
2017.06.12 09:13:18.715,1.7693,1.76964,1.00,1.50
2017.06.12 09:13:19.996,1.7693,1.76963,1.00,1.00
2017.06.12 09:13:20.098,1.7693,1.76965,1.00,1.00
2017.06.12 09:13:20.149,1.7693,1.76966,1.37,1.00
2017.06.12 09:13:20.199,1.7693,1.76966,1.00,1.00
2017.06.12 09:13:20.518,1.76933,1.76966,1.00,1.00
2017.06.12 09:13:24.712,1.76929,1.76966,1.12,1.50
2017.06.12 09:13:25.087,1.76933,1.76966,1.00,1.50
2017.06.12 09:13:30.998,1.76933,1.76967,1.00,1.00
2017.06.12 09:13:31.049,1.76935,1.76975,1.50,1.50
2017.06.12 09:13:31.100,1.76943,1.76976,1.00,1.00
2017.06.12 09:13:31.253,1.76941,1.76976,1.00,1.50
2017.06.12 09:13:31.304,1.76941,1.76971,1.00,1.00
2017.06.12 09:13:31.406,1.76939,1.76972,1.00,1.00
2017.06.12 09:13:31.551,1.76936,1.76972,1.00,1.00
2017.06.12 09:13:31.934,1.76939,1.76972,1.00,1.00
2017.06.12 09:13:32.396,1.76937,1.76973,1.00,1.00
2017.06.12 09:13:33.280,1.76937,1.76978,1.37,1.50
2017.06.12 09:13:33.331,1.76942,1.76978,1.00,1.50
2017.06.12 09:13:33.633,1.7694,1.76971,1.00,1.00
2017.06.12 09:13:33.963,1.7694,1.76973,1.00,1.50
2017.06.12 09:13:34.470,1.76941,1.76974,1.00,1.50
2017.06.12 09:13:35.200,1.7694,1.76974,1.00,1.50
2017.06.12 09:13:35.637,1.7694,1.76977,1.00,1.50
2017.06.12 09:13:35.687,1.7694,1.76977,1.37,1.50
2017.06.12 09:13:36.036,1.76946,1.76978,1.00,1.50
2017.06.12 09:13:36.973,1.76946,1.76979,1.00,1.00
2017.06.12 09:13:37.589,1.76946,1.7698,1.00,1.50
2017.06.12 09:13:41.111,1.76947,1.7698,1.00,1.50
2017.06.12 09:13:41.932,1.76947,1.76976,1.37,1.00
2017.06.12 09:13:42.033,1.76942,1.76977,1.37,1.00
2017.06.12 09:13:42.135,1.76945,1.7698,1.00,1.50
2017.06.12 09:13:42.539,1.76943,1.76978,1.00,1.00
2017.06.12 09:13:43.162,1.76943,1.76979,1.12,1.00
2017.06.12 09:13:43.913,1.76943,1.7698,1.00,1.50
2017.06.12 09:13:44.224,1.76939,1.76977,1.00,1.00
2017.06.12 09:13:44.275,1.76939,1.76975,1.12,1.00
2017.06.12 09:13:45.036,1.76942,1.76975,1.00,1.00
2017.06.12 09:13:45.214,1.76939,1.76975,1.00,1.00
2017.06.12 09:13:45.415,1.76942,1.76975,1.00,1.00
2017.06.12 09:13:45.715,1.7694,1.76975,1.00,1.00
2017.06.12 09:13:47.717,1.76941,1.76975,1.00,1.00
2017.06.12 09:13:48.220,1.7694,1.76975,1.00,1.00
2017.06.12 09:13:48.827,1.76945,1.76975,1.00,1.00
2017.06.12 09:13:48.879,1.76945,1.76982,1.00,1.50
2017.06.12 09:13:48.930,1.76949,1.76981,1.00,1.00
2017.06.12 09:13:48.981,1.76949,1.76983,1.00,1.00
2017.06.12 09:13:49.032,1.76949,1.76981,1.00,1.00
2017.06.12 09:13:49.133,1.76946,1.7698,1.00,1.00
2017.06.12 09:13:49.393,1.76946,1.76982,1.00,1.50
2017.06.12 09:13:49.597,1.76946,1.76977,1.00,1.00
2017.06.12 09:13:49.648,1.76944,1.76979,1.00,1.00
2017.06.12 09:13:49.700,1.76944,1.76981,1.00,1.00
2017.06.12 09:13:50.168,1.76941,1.76981,1.00,1.00
2017.06.12 09:13:50.223,1.76941,1.76965,1.00,1.00
2017.06.12 09:13:50.274,1.76937,1.7697,1.00,1.00
2017.06.12 09:13:50.326,1.76929,1.76968,1.37,1.50
2017.06.12 09:13:50.377,1.76928,1.76968,1.50,1.00
2017.06.12 09:13:50.428,1.76928,1.76965,1.00,1.00
2017.06.12 09:13:50.733,1.76932,1.76965,2.62,1.00
2017.06.12 09:13:50.886,1.7693,1.76965,1.87,1.00
2017.06.12 09:13:50.937,1.76928,1.76964,1.87,1.00
2017.06.12 09:13:51.595,1.76928,1.76964,1.37,1.00
2017.06.12 09:13:51.696,1.76924,1.76961,1.37,1.00
2017.06.12 09:13:52.000,1.76916,1.76955,2.62,1.00
2017.06.12 09:13:52.152,1.76916,1.76953,1.00,1.00
2017.06.12 09:13:52.304,1.76915,1.7695,1.87,1.00
2017.06.12 09:13:52.691,1.76916,1.76952,1.00,1.00
2017.06.12 09:13:53.139,1.76919,1.76952,1.00,1.00
2017.06.12 09:13:53.638,1.76919,1.76954,1.00,1.50
2017.06.12 09:13:53.892,1.76919,1.76956,1.12,1.50
2017.06.12 09:13:54.155,1.76922,1.76956,1.00,1.50
2017.06.12 09:13:54.393,1.76922,1.76959,1.00,1.50
2017.06.12 09:13:54.445,1.76927,1.76962,1.12,1.00
2017.06.12 09:13:54.496,1.76927,1.76966,1.12,1.00
2017.06.12 09:13:54.547,1.76931,1.76967,1.00,1.50
2017.06.12 09:13:54.853,1.76937,1.76972,1.00,1.00
2017.06.12 09:13:55.157,1.7694,1.76973,1.00,1.00
2017.06.12 09:13:55.655,1.7694,1.76971,1.00,1.00
2017.06.12 09:13:55.916,1.76939,1.76971,1.00,1.00
2017.06.12 09:13:57.071,1.76935,1.76971,1.00,1.00
2017.06.12 09:13:57.122,1.76935,1.76969,1.00,1.00
2017.06.12 09:13:58.021,1.76935,1.7697,1.00,1.00
2017.06.12 09:13:58.390,1.76935,1.76968,1.00,1.00
2017.06.12 09:13:59.218,1.76938,1.76968,1.00,1.00
2017.06.12 09:13:59.484,1.76934,1.76968,1.00,1.50
2017.06.12 09:14:00.108,1.76934,1.76967,1.00,1.00
2017.06.12 09:14:00.353,1.76934,1.76969,1.00,1.00
2017.06.12 09:14:00.455,1.76936,1.7697,1.00,1.00
2017.06.12 09:14:00.556,1.76934,1.7697,1.00,1.00
2017.06.12 09:14:01.135,1.76934,1.76971,1.00,1.50
2017.06.12 09:14:01.962,1.76934,1.76969,1.00,1.00
2017.06.12 09:14:02.301,1.76932,1.76969,1.00,1.00
2017.06.12 09:14:02.810,1.76933,1.76968,1.00,1.00
2017.06.12 09:14:02.963,1.76931,1.76968,1.00,1.50
2017.06.12 09:14:03.067,1.76928,1.76968,1.00,1.50
2017.06.12 09:14:03.168,1.7693,1.76968,1.00,1.50
2017.06.12 09:14:04.118,1.7693,1.76966,1.00,1.00
2017.06.12 09:14:05.517,1.7693,1.76967,1.00,1.00
2017.06.12 09:14:07.005,1.7693,1.76968,1.00,1.50
2017.06.12 09:14:07.514,1.7693,1.76967,1.00,1.00
2017.06.12 09:14:11.574,1.76933,1.76967,1.00,1.50
2017.06.12 09:14:15.591,1.76933,1.76968,1.00,1.50
2017.06.12 09:14:17.077,1.76932,1.76968,1.00,1.00
2017.06.12 09:14:21.402,1.76932,1.76967,1.00,1.00
2017.06.12 09:14:21.453,1.76932,1.76969,1.00,1.50
2017.06.12 09:14:23.158,1.76932,1.76966,1.00,1.50
2017.06.12 09:14:23.465,1.76929,1.76966,1.00,1.50
2017.06.12 09:14:23.681,1.76929,1.76964,1.00,1.00
2017.06.12 09:14:24.829,1.76929,1.76965,1.00,1.00
2017.06.12 09:14:28.760,1.76929,1.76967,1.00,1.50
2017.06.12 09:14:30.160,1.76929,1.76966,1.00,1.00
2017.06.12 09:14:32.376,1.76929,1.76967,1.00,1.50
2017.06.12 09:14:34.437,1.76929,1.76965,1.00,1.00
2017.06.12 09:14:34.741,1.76927,1.76965,1.00,1.00
2017.06.12 09:14:35.296,1.76927,1.76966,1.00,1.50
2017.06.12 09:14:36.341,1.76929,1.76966,1.00,1.00
2017.06.12 09:14:39.205,1.76929,1.76967,1.00,1.00
2017.06.12 09:14:40.021,1.7693,1.76968,1.00,1.50
2017.06.12 09:14:42.523,1.76932,1.76968,1.00,1.50
2017.06.12 09:14:43.295,1.76932,1.76967,1.00,1.00
2017.06.12 09:14:43.441,1.76932,1.76969,1.00,1.00
2017.06.12 09:14:47.482,1.76932,1.76965,1.00,1.00
2017.06.12 09:14:47.797,1.76928,1.76955,1.00,1.00
2017.06.12 09:14:47.848,1.76916,1.76954,1.00,1.50
2017.06.12 09:14:47.956,1.76919,1.76962,1.37,1.00
2017.06.12 09:14:48.008,1.76922,1.76964,1.00,1.12
2017.06.12 09:14:48.059,1.76925,1.76964,1.00,1.12
2017.06.12 09:14:48.368,1.76928,1.76965,1.00,1.00
2017.06.12 09:14:48.891,1.76928,1.76966,1.00,1.50
2017.06.12 09:14:49.043,1.76925,1.76965,1.00,1.00
2017.06.12 09:14:49.834,1.76922,1.76965,1.00,1.00
2017.06.12 09:14:50.011,1.76922,1.76963,1.00,1.00
2017.06.12 09:14:50.213,1.76922,1.76965,1.50,1.00
2017.06.12 09:14:50.264,1.76924,1.76965,1.00,1.00
2017.06.12 09:14:50.897,1.76924,1.76966,1.50,1.00
2017.06.12 09:14:51.409,1.76927,1.76966,1.00,1.50
2017.06.12 09:14:51.460,1.76928,1.76968,1.00,1.50
2017.06.12 09:14:51.707,1.76928,1.76965,1.00,1.00
2017.06.12 09:14:52.316,1.76927,1.76966,1.00,1.00
2017.06.12 09:14:52.839,1.76928,1.76968,1.00,1.00
2017.06.12 09:14:53.113,1.76928,1.76966,1.00,1.00
2017.06.12 09:14:53.655,1.76928,1.76965,1.00,1.00
2017.06.12 09:14:54.812,1.76928,1.76967,1.37,1.50
2017.06.12 09:14:55.015,1.76928,1.76967,1.00,1.00
2017.06.12 09:14:55.403,1.76928,1.76967,1.37,1.00
2017.06.12 09:14:55.708,1.76963,1.76992,1.00,1.12
2017.06.12 09:14:55.862,1.76965,1.77,1.00,1.00
2017.06.12 09:14:56.030,1.76969,1.77,1.00,1.00
2017.06.12 09:14:56.081,1.76969,1.77004,1.50,1.00
2017.06.12 09:14:56.131,1.76972,1.77004,1.00,1.00
2017.06.12 09:14:56.283,1.76972,1.77006,1.00,1.00
2017.06.12 09:14:56.550,1.76971,1.7701,1.00,1.12
2017.06.12 09:14:57.077,1.76973,1.7701,1.00,1.12
2017.06.12 09:15:00.094,1.7697,1.7701,1.50,1.12
2017.06.12 09:15:00.195,1.7697,1.77008,1.50,1.00
2017.06.12 09:15:00.636,1.7697,1.77003,1.00,1.00
2017.06.12 09:15:01.142,1.76969,1.77003,1.50,1.00
2017.06.12 09:15:01.831,1.76968,1.77003,1.00,1.00
2017.06.12 09:15:01.933,1.76966,1.77003,1.00,1.00
2017.06.12 09:15:02.035,1.76968,1.77003,1.00,1.00
2017.06.12 09:15:02.156,1.76966,1.77003,1.00,1.00
2017.06.12 09:15:02.421,1.76966,1.77001,1.00,1.00
2017.06.12 09:15:02.604,1.76964,1.77001,1.00,1.00
2017.06.12 09:15:02.768,1.76959,1.77001,1.00,1.00
2017.06.12 09:15:02.820,1.76957,1.76997,1.50,1.00
2017.06.12 09:15:03.127,1.76961,1.76995,1.00,1.00
2017.06.12 09:15:03.431,1.76963,1.76995,1.00,1.00
2017.06.12 09:15:03.482,1.76963,1.76998,1.00,1.00
2017.06.12 09:15:03.723,1.76969,1.76998,1.00,1.00
2017.06.12 09:15:03.825,1.76969,1.77002,1.00,1.00
2017.06.12 09:15:04.412,1.76968,1.77002,1.50,1.00
2017.06.12 09:15:05.527,1.76968,1.77001,1.50,1.00
2017.06.12 09:15:06.017,1.76969,1.77004,1.00,1.00
2017.06.12 09:15:07.655,1.76967,1.77004,1.00,1.00
2017.06.12 09:15:07.705,1.76965,1.76999,1.00,1.00
2017.06.12 09:15:07.756,1.76963,1.76999,1.50,1.00
2017.06.12 09:15:07.807,1.76961,1.76995,1.00,1.00
2017.06.12 09:15:07.858,1.76959,1.76995,1.00,1.00
2017.06.12 09:15:07.909,1.76958,1.76993,1.00,1.00
2017.06.12 09:15:08.218,1.76957,1.7699,1.00,1.00
2017.06.12 09:15:09.724,1.76955,1.76989,1.50,1.00
2017.06.12 09:15:10.207,1.76955,1.76987,1.00,1.00
2017.06.12 09:15:11.265,1.76957,1.76987,1.00,1.00
2017.06.12 09:15:11.316,1.76957,1.76991,1.00,1.00
2017.06.12 09:15:11.636,1.76957,1.76989,1.00,1.00
2017.06.12 09:15:11.999,1.7695,1.76985,1.00,1.00
2017.06.12 09:15:12.252,1.76952,1.76985,1.00,1.00
2017.06.12 09:15:12.556,1.76967,1.76996,1.50,1.00
2017.06.12 09:15:12.606,1.76967,1.76999,1.50,1.00
2017.06.12 09:15:12.797,1.76966,1.77001,1.00,1.00
2017.06.12 09:15:13.404,1.76966,1.76999,1.50,1.00
2017.06.12 09:15:13.915,1.76966,1.77002,1.50,1.00
2017.06.12 09:15:14.788,1.76965,1.77002,1.50,1.00
2017.06.12 09:15:15.071,1.76963,1.77002,1.00,1.50
2017.06.12 09:15:15.122,1.76963,1.76999,1.00,1.00
2017.06.12 09:15:15.446,1.76962,1.76996,1.00,1.00
2017.06.12 09:15:15.954,1.76962,1.76997,1.50,1.00
2017.06.12 09:15:16.157,1.76959,1.76997,1.00,1.00
2017.06.12 09:15:16.208,1.7696,1.76992,1.00,1.00
2017.06.12 09:15:16.312,1.7696,1.76994,1.00,1.00
2017.06.12 09:15:16.647,1.76963,1.76994,1.00,1.00
2017.06.12 09:15:16.748,1.76964,1.76996,1.00,1.00
2017.06.12 09:15:16.849,1.76966,1.77,1.50,1.00
2017.06.12 09:15:17.132,1.76966,1.77002,1.50,1.00
2017.06.12 09:15:17.216,1.76968,1.77002,1.00,1.00
2017.06.12 09:15:17.713,1.76967,1.77,1.00,1.00
2017.06.12 09:15:17.966,1.76965,1.77,1.50,1.00
2017.06.12 09:15:18.219,1.76966,1.76997,1.00,1.00
2017.06.12 09:15:18.439,1.76966,1.77,1.00,1.00
2017.06.12 09:15:18.934,1.76965,1.76996,1.00,1.00
2017.06.12 09:15:19.215,1.76966,1.77,1.00,1.00
2017.06.12 09:15:19.367,1.76969,1.77,1.00,1.00
2017.06.12 09:15:19.418,1.76968,1.77002,1.00,1.00
2017.06.12 09:15:19.520,1.76966,1.77002,1.00,1.00
2017.06.12 09:15:19.621,1.76963,1.76999,1.00,1.00
2017.06.12 09:15:19.861,1.76963,1.77001,1.00,1.00
2017.06.12 09:15:19.962,1.76951,1.76989,1.37,1.50
2017.06.12 09:15:20.267,1.76946,1.76983,1.37,1.00
2017.06.12 09:15:20.535,1.76944,1.76984,1.12,1.50
2017.06.12 09:15:20.586,1.76944,1.76983,1.37,1.00
2017.06.12 09:15:20.908,1.76948,1.76983,1.00,1.00
2017.06.12 09:15:21.215,1.76946,1.76983,1.12,1.00
2017.06.12 09:15:21.266,1.76946,1.76985,1.12,1.50
2017.06.12 09:15:21.796,1.76947,1.76984,1.00,1.00
2017.06.12 09:15:22.309,1.76943,1.76984,1.37,1.00
2017.06.12 09:15:22.845,1.76944,1.76984,1.37,1.00
2017.06.12 09:15:23.392,1.76944,1.76983,1.37,1.00
2017.06.12 09:15:23.494,1.76944,1.76985,1.37,1.00
2017.06.12 09:15:23.776,1.76943,1.76987,1.87,1.50
2017.06.12 09:15:24.361,1.76944,1.76986,1.87,1.00
2017.06.12 09:15:24.945,1.76942,1.76985,1.87,1.50
2017.06.12 09:15:25.199,1.76942,1.76983,1.37,1.00
2017.06.12 09:15:25.466,1.7694,1.76984,2.25,1.00
2017.06.12 09:15:25.568,1.7694,1.76982,1.50,1.50
2017.06.12 09:15:26.094,1.76939,1.76981,2.62,1.00
2017.06.12 09:15:27.016,1.76953,1.76995,1.37,1.50
2017.06.12 09:15:27.067,1.76957,1.77001,1.12,1.75
2017.06.12 09:15:27.118,1.76962,1.77002,1.00,1.37
2017.06.12 09:15:27.169,1.76962,1.77001,1.00,1.00
2017.06.12 09:15:27.321,1.76959,1.77001,2.25,1.00
2017.06.12 09:15:27.478,1.7696,1.77001,1.37,1.00
2017.06.12 09:15:27.940,1.76964,1.77001,1.00,1.00
2017.06.12 09:15:28.418,1.76962,1.77002,1.00,1.00
2017.06.12 09:15:28.519,1.76962,1.77,1.00,1.00
2017.06.12 09:15:28.845,1.76959,1.76999,1.00,1.00
2017.06.12 09:15:29.420,1.76961,1.76998,1.00,1.00
2017.06.12 09:15:29.764,1.76956,1.76989,1.00,1.00
2017.06.12 09:15:29.866,1.76952,1.76989,1.00,1.00
2017.06.12 09:15:29.918,1.76952,1.76987,1.00,1.00
2017.06.12 09:15:30.232,1.76949,1.76985,1.00,1.50
2017.06.12 09:15:30.421,1.76946,1.76985,1.00,1.00
2017.06.12 09:15:30.521,1.7695,1.76985,1.00,1.00
2017.06.12 09:15:31.046,1.7695,1.76984,1.00,1.00
2017.06.12 09:15:31.122,1.76947,1.76984,1.00,1.00
2017.06.12 09:15:31.173,1.76947,1.76978,1.00,1.00
2017.06.12 09:15:31.224,1.76944,1.76979,1.00,1.00
2017.06.12 09:15:31.325,1.76948,1.76981,1.00,1.00
2017.06.12 09:15:31.635,1.76945,1.76977,1.00,1.00
2017.06.12 09:15:31.935,1.76946,1.76979,1.00,1.00
2017.06.12 09:15:31.986,1.76946,1.76981,1.00,1.50
2017.06.12 09:15:32.038,1.76948,1.76984,1.00,1.50
2017.06.12 09:15:32.541,1.7695,1.76983,1.00,1.00
2017.06.12 09:15:32.914,1.76952,1.76983,1.00,1.00
2017.06.12 09:15:33.893,1.76952,1.76982,1.00,1.00
2017.06.12 09:15:34.667,1.76952,1.76983,1.00,1.00
2017.06.12 09:15:34.819,1.76952,1.76985,1.00,1.00
2017.06.12 09:15:34.870,1.7695,1.76985,1.00,1.00
2017.06.12 09:15:36.215,1.76951,1.76985,1.00,1.50
2017.06.12 09:15:37.530,1.76952,1.76985,1.00,1.00
2017.06.12 09:15:39.393,1.76952,1.76987,1.00,1.50
2017.06.12 09:15:39.444,1.76954,1.76987,1.00,1.00
2017.06.12 09:15:40.944,1.76953,1.76987,1.00,1.00
2017.06.12 09:15:43.937,1.76953,1.76994,1.00,1.00
2017.06.12 09:15:43.988,1.76958,1.76994,1.00,1.00
2017.06.12 09:15:44.292,1.76949,1.76981,1.12,1.00
2017.06.12 09:15:44.394,1.76946,1.76988,1.37,1.00
2017.06.12 09:15:44.445,1.76954,1.76995,1.37,1.50
2017.06.12 09:15:44.749,1.76957,1.76993,1.00,1.50
2017.06.12 09:15:44.939,1.76955,1.76993,1.00,1.50
2017.06.12 09:15:45.142,1.76957,1.76994,1.00,1.00
2017.06.12 09:15:45.243,1.76957,1.76996,1.00,1.00
2017.06.12 09:15:45.881,1.76959,1.76996,1.00,1.50
2017.06.12 09:15:46.587,1.76959,1.76995,1.00,1.50
2017.06.12 09:15:47.536,1.76959,1.76996,1.00,1.00
2017.06.12 09:15:48.344,1.76957,1.76996,1.00,1.00
2017.06.12 09:15:49.311,1.76957,1.76997,1.00,1.50
2017.06.12 09:15:49.362,1.76959,1.76997,1.00,1.50
2017.06.12 09:15:52.129,1.76959,1.76994,1.00,1.00
2017.06.12 09:15:52.180,1.76956,1.76993,1.00,1.00
2017.06.12 09:15:52.691,1.76955,1.76993,1.00,1.00
2017.06.12 09:15:52.905,1.76955,1.7699,1.00,1.00
2017.06.12 09:15:55.607,1.76955,1.76992,1.00,1.50
2017.06.12 09:15:56.409,1.76955,1.7699,1.00,1.00
2017.06.12 09:15:58.176,1.76955,1.76993,1.00,1.50
2017.06.12 09:15:59.467,1.76957,1.76993,1.00,1.00
2017.06.12 09:16:00.694,1.76955,1.7699,1.00,1.50
2017.06.12 09:16:00.745,1.76955,1.76992,1.00,1.00
2017.06.12 09:16:01.448,1.76955,1.76991,1.00,1.00
2017.06.12 09:16:01.550,1.76964,1.77001,1.37,1.00
2017.06.12 09:16:01.653,1.76972,1.77015,1.37,1.87
2017.06.12 09:16:01.705,1.76977,1.77016,1.00,1.87
2017.06.12 09:16:02.009,1.76982,1.77018,1.00,1.00
2017.06.12 09:16:02.060,1.76982,1.77021,1.00,1.50
2017.06.12 09:16:02.587,1.76982,1.7702,1.00,1.50
2017.06.12 09:16:02.896,1.76983,1.77022,1.37,1.50
2017.06.12 09:16:03.213,1.76985,1.77022,1.87,1.50
2017.06.12 09:16:03.743,1.76984,1.77021,1.37,1.00
2017.06.12 09:16:03.874,1.76981,1.77019,1.37,1.00
2017.06.12 09:16:04.026,1.76983,1.77013,1.00,1.00
2017.06.12 09:16:04.077,1.76975,1.77016,1.00,1.00
2017.06.12 09:16:04.128,1.76973,1.77014,2.25,1.00
2017.06.12 09:16:04.432,1.76981,1.77019,1.00,1.00
2017.06.12 09:16:04.483,1.76979,1.77019,1.00,1.00
2017.06.12 09:16:04.534,1.76979,1.77019,1.37,1.50
2017.06.12 09:16:04.782,1.76979,1.77019,1.87,1.50
2017.06.12 09:16:05.005,1.76979,1.77019,1.37,1.00
2017.06.12 09:16:05.057,1.76979,1.77019,1.12,1.00
2017.06.12 09:16:05.311,1.76979,1.77019,1.37,1.00
2017.06.12 09:16:05.508,1.76979,1.77019,1.00,1.00
2017.06.12 09:16:05.745,1.76979,1.77016,1.00,1.00
2017.06.12 09:16:05.896,1.76977,1.77016,1.00,1.00
2017.06.12 09:16:05.998,1.76977,1.77019,1.00,1.50
2017.06.12 09:16:06.267,1.76979,1.77018,1.00,1.00
2017.06.12 09:16:06.854,1.76979,1.77019,1.00,1.50
2017.06.12 09:16:08.753,1.76979,1.77019,1.87,1.50
2017.06.12 09:16:09.143,1.76977,1.77014,1.00,1.00
2017.06.12 09:16:09.671,1.76974,1.77014,1.50,1.00
2017.06.12 09:16:10.101,1.76974,1.77014,1.12,1.00
2017.06.12 09:16:10.870,1.76976,1.77018,1.00,1.50
2017.06.12 09:16:11.000,1.76978,1.77018,1.37,1.50
2017.06.12 09:16:11.052,1.76979,1.77021,1.37,1.50
2017.06.12 09:16:11.103,1.76979,1.77018,1.50,1.50
2017.06.12 09:16:11.443,1.76978,1.77015,1.50,1.00
2017.06.12 09:16:11.697,1.76975,1.77015,1.00,1.50
2017.06.12 09:16:13.955,1.76975,1.77009,1.00,1.00
2017.06.12 09:16:14.006,1.7697,1.77008,1.00,1.00
2017.06.12 09:16:14.057,1.7697,1.77011,1.00,1.50
2017.06.12 09:16:14.108,1.76972,1.77013,1.00,1.00
2017.06.12 09:16:14.412,1.76976,1.77015,1.00,1.00
2017.06.12 09:16:15.403,1.76975,1.77015,1.12,1.00
2017.06.12 09:16:16.691,1.76976,1.77015,1.00,1.00
2017.06.12 09:16:17.270,1.76975,1.77014,1.00,1.50
2017.06.12 09:16:18.001,1.76975,1.77013,1.00,1.00
2017.06.12 09:16:18.534,1.76975,1.77014,1.00,1.50
2017.06.12 09:16:18.837,1.76971,1.7701,1.00,1.50
2017.06.12 09:16:19.921,1.7697,1.7701,1.00,1.50
2017.06.12 09:16:20.224,1.7697,1.77008,1.00,1.00
2017.06.12 09:16:20.275,1.7697,1.7701,1.00,1.00
2017.06.12 09:16:20.605,1.76972,1.7701,1.00,1.50
2017.06.12 09:16:21.389,1.76972,1.77008,1.00,1.00
2017.06.12 09:16:21.490,1.7697,1.77008,1.00,1.50
2017.06.12 09:16:24.422,1.76971,1.77009,1.00,1.00
2017.06.12 09:16:24.892,1.76971,1.77011,1.00,1.50
2017.06.12 09:16:24.993,1.76974,1.77012,1.00,1.00
2017.06.12 09:16:26.967,1.76974,1.77011,1.00,1.00
2017.06.12 09:16:33.557,1.76974,1.7701,1.00,1.00
2017.06.12 09:16:34.114,1.76973,1.77008,1.00,1.50
2017.06.12 09:16:34.830,1.76973,1.77009,1.00,1.00
2017.06.12 09:16:35.713,1.76973,1.77007,1.00,1.00
2017.06.12 09:16:36.205,1.76971,1.77007,1.00,1.50
2017.06.12 09:16:36.926,1.76967,1.77008,1.37,1.00
2017.06.12 09:16:36.977,1.76967,1.77009,1.00,1.00
2017.06.12 09:16:37.028,1.76971,1.77009,1.00,1.50
2017.06.12 09:16:37.560,1.76971,1.77008,1.12,1.00
2017.06.12 09:16:38.073,1.76971,1.77009,1.12,1.00
2017.06.12 09:16:42.978,1.76971,1.77008,1.12,1.00
2017.06.12 09:16:43.299,1.76971,1.77006,1.00,1.50
2017.06.12 09:16:43.350,1.76969,1.77006,1.00,1.00
2017.06.12 09:16:43.664,1.76967,1.77005,1.12,1.00
2017.06.12 09:16:43.814,1.76969,1.77005,1.00,1.00
2017.06.12 09:16:44.214,1.76967,1.77005,1.12,1.00
2017.06.12 09:16:46.024,1.76967,1.77003,1.12,1.00
2017.06.12 09:16:48.414,1.76967,1.77004,1.12,1.50
2017.06.12 09:16:49.230,1.76969,1.77005,1.00,1.00
2017.06.12 09:16:50.567,1.76969,1.77006,1.00,1.00
2017.06.12 09:16:50.870,1.7697,1.77004,1.00,1.00
2017.06.12 09:16:51.849,1.7697,1.77005,1.00,1.00
2017.06.12 09:16:52.296,1.7697,1.77008,1.00,1.50
2017.06.12 09:16:52.449,1.76973,1.77009,1.00,1.50
2017.06.12 09:16:53.034,1.76974,1.77009,1.00,1.00
2017.06.12 09:16:55.829,1.76973,1.77009,1.00,1.50
2017.06.12 09:16:59.294,1.76973,1.77003,1.00,1.50
2017.06.12 09:16:59.345,1.76971,1.77004,1.00,1.00
2017.06.12 09:16:59.458,1.76968,1.77004,1.00,1.00
2017.06.12 09:16:59.869,1.7697,1.77004,1.00,1.00
2017.06.12 09:17:00.044,1.76965,1.77001,1.00,1.00
2017.06.12 09:17:00.146,1.76963,1.77001,1.00,1.00
2017.06.12 09:17:00.727,1.76963,1.77002,1.00,1.50
2017.06.12 09:17:01.389,1.76963,1.77003,1.00,1.50
2017.06.12 09:17:01.440,1.76965,1.77001,1.00,1.00
2017.06.12 09:17:01.491,1.76965,1.77003,1.12,1.00
2017.06.12 09:17:01.543,1.76969,1.77005,1.00,1.50
2017.06.12 09:17:02.047,1.76969,1.77004,1.00,1.50
2017.06.12 09:17:03.137,1.76968,1.77004,1.00,1.50
2017.06.12 09:17:03.240,1.76966,1.77003,1.00,1.00
2017.06.12 09:17:03.435,1.76966,1.77001,1.00,1.00
2017.06.12 09:17:03.983,1.76966,1.77002,1.00,1.00
2017.06.12 09:17:04.338,1.76964,1.77002,1.00,1.00
2017.06.12 09:17:05.741,1.76964,1.77,1.00,1.00
2017.06.12 09:17:07.742,1.76962,1.77,1.00,1.00
2017.06.12 09:17:07.843,1.7696,1.77,1.12,1.00
2017.06.12 09:17:08.394,1.76961,1.76999,1.00,1.00
2017.06.12 09:17:08.445,1.76959,1.76999,1.12,1.50
2017.06.12 09:17:08.983,1.76959,1.76998,1.00,1.00
2017.06.12 09:17:09.035,1.76959,1.76996,1.00,1.00
2017.06.12 09:17:09.186,1.76954,1.76995,1.87,1.00
2017.06.12 09:17:09.288,1.76955,1.76996,1.37,1.00
2017.06.12 09:17:09.645,1.76956,1.76996,1.87,1.00
2017.06.12 09:17:09.746,1.76955,1.76994,1.00,1.50
2017.06.12 09:17:09.797,1.76955,1.76992,1.00,1.00
2017.06.12 09:17:09.848,1.76953,1.76996,1.87,1.50
2017.06.12 09:17:09.950,1.76956,1.76994,1.00,1.00
2017.06.12 09:17:10.051,1.76954,1.76995,1.50,1.00
2017.06.12 09:17:10.153,1.76958,1.76996,1.00,1.00
2017.06.12 09:17:10.747,1.76961,1.76996,1.00,1.00
2017.06.12 09:17:11.096,1.76951,1.76992,1.87,1.00
2017.06.12 09:17:11.198,1.76955,1.76991,1.00,1.00
2017.06.12 09:17:11.248,1.76954,1.76994,1.00,1.00
2017.06.12 09:17:11.350,1.76957,1.76994,1.00,1.00
2017.06.12 09:17:11.829,1.76959,1.76994,1.00,1.00
2017.06.12 09:17:14.351,1.76957,1.76994,1.00,1.00
2017.06.12 09:17:14.681,1.7696,1.76993,1.00,1.00
2017.06.12 09:17:14.852,1.76958,1.76993,1.00,1.00
2017.06.12 09:17:15.373,1.76957,1.76984,1.00,1.00
2017.06.12 09:17:15.475,1.76947,1.76982,1.00,1.00
2017.06.12 09:17:16.854,1.76945,1.76982,1.00,1.00
2017.06.12 09:17:17.163,1.76952,1.76991,1.00,1.50
2017.06.12 09:17:17.264,1.76955,1.76993,1.00,1.00
2017.06.12 09:17:17.573,1.76955,1.76991,1.00,1.00
2017.06.12 09:17:18.683,1.76955,1.76992,1.50,1.50
2017.06.12 09:17:19.206,1.76957,1.76992,1.00,1.00
2017.06.12 09:17:20.149,1.76957,1.76994,1.00,1.00
2017.06.12 09:17:20.200,1.76961,1.76995,1.00,1.00
2017.06.12 09:17:20.548,1.76963,1.76996,1.00,1.00
2017.06.12 09:17:21.811,1.76963,1.76995,1.00,1.00
2017.06.12 09:17:24.112,1.76963,1.76996,1.00,1.50
2017.06.12 09:17:24.163,1.76963,1.77003,1.00,1.37
2017.06.12 09:17:24.214,1.7697,1.77005,1.00,1.37
2017.06.12 09:17:24.463,1.76966,1.77002,1.00,1.50
2017.06.12 09:17:25.056,1.76965,1.77001,1.00,1.50
2017.06.12 09:17:25.551,1.76966,1.77007,1.00,1.50
2017.06.12 09:17:25.653,1.76967,1.77005,1.50,1.50
2017.06.12 09:17:25.704,1.76967,1.77007,1.50,1.50
2017.06.12 09:17:25.805,1.76969,1.77007,1.00,1.50
2017.06.12 09:17:27.688,1.76969,1.77006,1.00,1.00
2017.06.12 09:17:29.270,1.76969,1.77004,1.00,1.00
2017.06.12 09:17:29.636,1.76971,1.77004,1.00,1.00
2017.06.12 09:17:30.584,1.7697,1.77005,1.00,1.00
2017.06.12 09:17:32.170,1.7697,1.77007,1.00,1.00
2017.06.12 09:17:33.043,1.7697,1.77006,1.00,1.00
2017.06.12 09:17:34.504,1.7697,1.77007,1.00,1.00
2017.06.12 09:17:35.283,1.7697,1.77006,1.00,1.50
2017.06.12 09:17:35.385,1.7697,1.77004,1.00,1.00
2017.06.12 09:17:35.435,1.76971,1.77006,1.00,1.50
2017.06.12 09:17:35.537,1.76965,1.77006,1.00,1.00
2017.06.12 09:17:35.738,1.7697,1.77006,1.00,1.00
2017.06.12 09:17:36.272,1.76971,1.77005,1.00,1.50
2017.06.12 09:17:36.424,1.76966,1.77005,1.37,1.00
2017.06.12 09:17:36.576,1.76969,1.77007,1.00,1.00
2017.06.12 09:17:37.153,1.7697,1.77007,1.00,1.00
2017.06.12 09:17:38.196,1.7697,1.77006,1.00,1.00
2017.06.12 09:17:39.162,1.7697,1.77007,1.00,1.00
2017.06.12 09:17:39.686,1.7697,1.77006,1.00,1.00
2017.06.12 09:17:39.738,1.7697,1.77008,1.00,1.00
