2014.03.06 18:00:00.123,1.97407,1.97484,1.38,1.13
2014.03.06 18:00:00.374,1.97407,1.97484,1.13,1.13
2014.03.06 18:00:00.548,1.97407,1.97483,1.50,1.38
2014.03.06 18:00:00.698,1.97408,1.97482,1.13,1.38
2014.03.06 18:00:00.802,1.97408,1.97482,1.50,1.13
2014.03.06 18:00:00.902,1.97408,1.97466,1.50,1.50
2014.03.06 18:00:01.207,1.97418,1.97466,1.00,1.50
2014.03.06 18:00:01.738,1.97417,1.97466,1.00,1.50
2014.03.06 18:00:02.057,1.97417,1.97471,1.00,1.50
2014.03.06 18:00:02.350,1.97417,1.97477,1.08,1.83
2014.03.06 18:00:02.451,1.97417,1.97486,1.83,1.88
2014.03.06 18:00:02.993,1.97418,1.97486,2.25,1.20
2014.03.06 18:00:03.043,1.97423,1.97491,1.50,1.58
2014.03.06 18:00:03.094,1.97426,1.97491,1.95,1.50
2014.03.06 18:00:03.145,1.97438,1.97492,1.50,1.75
2014.03.06 18:00:04.105,1.97438,1.97493,1.50,1.38
2014.03.06 18:00:04.654,1.97438,1.97493,1.50,1.38
2014.03.06 18:00:04.704,1.97438,1.97493,1.08,1.45
2014.03.06 18:00:04.755,1.97429,1.97493,1.50,1.53
2014.03.06 18:00:05.028,1.97424,1.97492,1.50,1.95
2014.03.06 18:00:05.078,1.97423,1.9749,1.20,1.50
2014.03.06 18:00:10.235,1.97418,1.97488,1.83,1.88
2014.03.06 18:00:10.285,1.97418,1.97484,1.58,1.50
2014.03.06 18:00:12.633,1.97416,1.97475,1.20,1.18
2014.03.06 18:00:12.734,1.97412,1.97475,1.20,1.15
2014.03.06 18:00:13.104,1.97412,1.97475,1.20,2.74
2014.03.06 18:00:13.715,1.97412,1.97454,1.20,1.00
2014.03.06 18:00:14.494,1.97417,1.97454,1.50,1.00
2014.03.06 18:00:14.804,1.97417,1.97465,1.50,1.09
2014.03.06 18:00:15.114,1.97417,1.97468,1.50,1.09
2014.03.06 18:00:16.685,1.97417,1.97462,1.50,1.00
2014.03.06 18:00:17.423,1.97417,1.97462,1.50,1.38
2014.03.06 18:00:17.905,1.97417,1.97463,1.50,1.75
2014.03.06 18:00:18.296,1.9741,1.97463,1.50,1.75
2014.03.06 18:00:28.423,1.9741,1.97464,1.50,1.09
2014.03.06 18:00:29.105,1.9741,1.97464,1.50,1.09
2014.03.06 18:00:41.194,1.97412,1.9748,1.58,1.50
2014.03.06 18:00:41.295,1.9742,1.97484,1.50,1.53
2014.03.06 18:00:50.462,1.9742,1.97484,1.50,1.53
2014.03.06 18:00:50.644,1.9742,1.97484,1.50,1.15
2014.03.06 18:01:01.331,1.97425,1.97484,1.50,1.10
2014.03.06 18:01:12.130,1.97425,1.97484,1.50,1.00
2014.03.06 18:01:13.448,1.97425,1.97484,1.50,1.38
2014.03.06 18:01:21.113,1.9742,1.97484,1.20,1.53
2014.03.06 18:01:24.872,1.97423,1.97484,1.20,1.45
2014.03.06 18:01:24.923,1.97426,1.97484,1.50,1.38
2014.03.06 18:01:25.201,1.97433,1.97484,1.08,1.38
2014.03.06 18:01:33.771,1.97431,1.97484,1.50,1.13
2014.03.06 18:01:34.105,1.97437,1.97484,1.50,1.13
2014.03.06 18:01:51.601,1.97437,1.97494,1.50,1.38
2014.03.06 18:01:51.804,1.97433,1.97494,1.20,1.55
2014.03.06 18:01:54.137,1.97433,1.97494,1.20,1.18
2014.03.06 18:01:56.989,1.97433,1.97492,1.20,1.00
2014.03.06 18:01:58.821,1.97433,1.97493,1.20,1.10
2014.03.06 18:01:58.922,1.97432,1.97493,1.20,1.50
2014.03.06 18:01:58.972,1.97427,1.97493,1.20,1.58
2014.03.06 18:01:59.041,1.97427,1.97482,1.20,1.00
2014.03.06 18:01:59.292,1.9742,1.97482,1.88,1.15
2014.03.06 18:01:59.911,1.9742,1.97474,1.88,1.00
2014.03.06 18:02:00.311,1.9742,1.97483,1.88,1.15
2014.03.06 18:02:01.899,1.9742,1.97474,1.88,1.00
2014.03.06 18:02:02.103,1.97416,1.97482,1.20,1.20
2014.03.06 18:02:02.205,1.97413,1.97482,1.20,1.20
2014.03.06 18:02:02.560,1.97406,1.97474,1.88,1.50
2014.03.06 18:02:09.155,1.97416,1.97474,1.00,1.50
2014.03.06 18:02:09.482,1.97415,1.97479,1.15,1.20
2014.03.06 18:02:09.763,1.97417,1.97485,1.20,1.83
2014.03.06 18:02:09.814,1.97417,1.97485,1.88,1.83
2014.03.06 18:02:29.722,1.97418,1.97486,1.20,1.50
2014.03.06 18:02:30.121,1.97436,1.97486,1.00,1.50
2014.03.06 18:02:30.892,1.97425,1.97486,1.10,1.50
2014.03.06 18:02:32.666,1.97446,1.97486,1.00,1.50
2014.03.06 18:02:32.716,1.97446,1.97497,1.00,1.20
2014.03.06 18:02:33.810,1.97446,1.97505,1.00,1.50
2014.03.06 18:02:39.222,1.97446,1.97498,1.00,1.50
2014.03.06 18:02:44.695,1.97446,1.97493,1.00,1.50
2014.03.06 18:02:49.336,1.97436,1.97493,1.38,1.50
2014.03.06 18:02:49.801,1.97445,1.97493,1.00,1.50
2014.03.06 18:02:51.972,1.97436,1.97493,1.38,1.50
2014.03.06 18:02:52.587,1.97432,1.97495,1.58,1.15
2014.03.06 18:02:52.960,1.97432,1.97485,1.58,1.00
2014.03.06 18:02:55.492,1.97432,1.97495,1.58,1.15
2014.03.06 18:03:00.112,1.97445,1.975,1.00,1.50
2014.03.06 18:03:04.843,1.97456,1.975,1.00,1.50
2014.03.06 18:03:04.994,1.97456,1.9751,1.00,1.50
2014.03.06 18:03:05.096,1.97456,1.97514,1.00,1.58
2014.03.06 18:03:05.248,1.97456,1.97514,1.00,1.95
2014.03.06 18:03:05.583,1.97456,1.97514,1.00,1.95
2014.03.06 18:03:05.887,1.97448,1.97505,1.08,1.45
2014.03.06 18:03:05.938,1.97445,1.97505,1.58,1.95
2014.03.06 18:03:06.039,1.9744,1.97494,1.28,1.38
2014.03.06 18:03:06.431,1.97436,1.97494,2.33,1.38
2014.03.06 18:03:06.481,1.97436,1.97494,1.95,1.38
2014.03.06 18:03:06.593,1.97436,1.97494,2.33,1.45
2014.03.06 18:03:06.845,1.97436,1.97494,1.15,1.53
2014.03.06 18:03:06.896,1.97436,1.97494,1.15,1.53
2014.03.06 18:03:07.557,1.97436,1.97494,1.15,1.53
2014.03.06 18:03:07.991,1.97436,1.97494,1.15,1.53
2014.03.06 18:03:08.906,1.97436,1.97494,1.15,1.53
2014.03.06 18:03:09.340,1.97436,1.97491,1.13,1.20
2014.03.06 18:03:09.441,1.97425,1.97485,1.20,1.55
2014.03.06 18:03:09.693,1.97416,1.97474,1.38,1.50
2014.03.06 18:03:09.794,1.97416,1.97477,1.53,1.20
2014.03.06 18:03:16.491,1.97416,1.97474,1.65,1.53
2014.03.06 18:03:18.170,1.97416,1.97474,1.65,1.53
2014.03.06 18:03:18.497,1.97413,1.97464,1.58,1.13
2014.03.06 18:03:29.766,1.9741,1.97464,1.20,1.13
2014.03.06 18:03:29.871,1.97425,1.97475,1.00,1.20
2014.03.06 18:03:32.413,1.97426,1.97475,1.00,1.20
2014.03.06 18:03:32.693,1.97426,1.97475,1.00,1.20
2014.03.06 18:03:33.201,1.97426,1.97475,1.00,1.20
2014.03.06 18:03:35.289,1.97426,1.97476,1.08,1.13
2014.03.06 18:03:35.542,1.97426,1.97482,1.15,1.24
2014.03.06 18:03:35.664,1.97426,1.97477,1.00,1.20
2014.03.06 18:03:38.640,1.97426,1.97477,1.00,1.58
2014.03.06 18:03:39.190,1.97426,1.97477,1.00,1.20
2014.03.06 18:03:42.928,1.97426,1.97477,1.00,1.20
2014.03.06 18:03:43.029,1.97426,1.97477,1.00,1.20
2014.03.06 18:03:48.357,1.97426,1.97477,1.00,1.20
2014.03.06 18:03:50.072,1.97425,1.97477,1.00,1.54
2014.03.06 18:03:50.711,1.97425,1.97477,1.00,1.54
2014.03.06 18:03:52.349,1.97425,1.97477,1.00,1.54
2014.03.06 18:03:52.599,1.97435,1.97481,1.00,1.24
2014.03.06 18:03:52.700,1.97435,1.97483,1.00,3.04
2014.03.06 18:03:53.213,1.97435,1.97483,1.00,3.04
2014.03.06 18:03:53.772,1.97435,1.97483,1.00,3.04
2014.03.06 18:03:54.062,1.97435,1.97489,1.08,1.17
2014.03.06 18:03:54.112,1.97435,1.97489,1.08,1.17
2014.03.06 18:03:54.163,1.97435,1.97489,1.58,1.09
2014.03.06 18:03:54.502,1.97435,1.97489,1.50,1.17
2014.03.06 18:03:54.603,1.97435,1.97488,1.00,1.54
2014.03.06 18:03:54.704,1.97435,1.97488,1.00,1.54
2014.03.06 18:03:58.050,1.97435,1.97488,1.15,1.09
2014.03.06 18:03:58.202,1.97445,1.97488,1.00,1.09
2014.03.06 18:03:58.363,1.97435,1.97488,1.15,1.09
2014.03.06 18:03:58.464,1.97435,1.97488,1.08,1.17
2014.03.06 18:03:58.515,1.97435,1.97488,1.10,1.24
2014.03.06 18:04:00.347,1.97436,1.97489,1.00,1.24
2014.03.06 18:04:01.418,1.97426,1.97485,1.88,1.82
2014.03.06 18:04:07.111,1.97426,1.97485,1.88,1.44
2014.03.06 18:04:08.100,1.97426,1.97485,1.88,1.74
2014.03.06 18:04:08.648,1.97426,1.97485,1.88,1.30
2014.03.06 18:04:08.701,1.97446,1.97491,1.00,1.02
2014.03.06 18:04:09.252,1.97435,1.97495,1.58,1.87
2014.03.06 18:04:09.821,1.97435,1.97493,1.00,1.54
2014.03.06 18:04:10.200,1.97435,1.97491,1.08,1.17
2014.03.06 18:04:10.529,1.97435,1.97491,1.58,1.09
2014.03.06 18:04:10.681,1.97435,1.97499,1.95,1.58
2014.03.06 18:04:11.225,1.97435,1.97499,1.95,1.20
2014.03.06 18:04:11.426,1.97438,1.97499,1.53,1.20
2014.03.06 18:04:11.655,1.97438,1.97499,1.53,1.20
2014.03.06 18:04:12.027,1.97441,1.975,1.13,1.15
2014.03.06 18:04:12.077,1.97441,1.975,1.20,1.18
2014.03.06 18:04:12.640,1.97441,1.97505,1.20,1.58
2014.03.06 18:04:13.164,1.97445,1.97505,1.53,1.20
2014.03.06 18:04:13.214,1.97445,1.97509,1.95,1.20
2014.03.06 18:04:13.517,1.97447,1.97511,1.20,1.20
2014.03.06 18:04:14.203,1.97447,1.97511,1.20,1.20
2014.03.06 18:04:17.361,1.97447,1.97504,1.20,1.48
2014.03.06 18:04:29.919,1.97445,1.97505,2.25,1.45
2014.03.06 18:04:29.969,1.97445,1.97505,1.58,1.45
2014.03.06 18:04:30.020,1.97445,1.97505,1.15,1.53
2014.03.06 18:04:30.171,1.9744,1.97505,1.58,1.53
2014.03.06 18:04:42.629,1.97446,1.97504,1.18,1.53
2014.03.06 18:04:42.679,1.97446,1.97504,1.93,1.15
2014.03.06 18:04:42.780,1.97449,1.97504,1.20,1.00
2014.03.06 18:04:42.882,1.97449,1.97494,1.20,1.00
2014.03.06 18:04:42.983,1.97445,1.97494,1.20,1.00
2014.03.06 18:04:43.084,1.97443,1.97494,1.58,1.00
2014.03.06 18:04:45.488,1.97443,1.97505,1.58,1.53
2014.03.06 18:04:45.858,1.97443,1.97505,1.58,1.53
2014.03.06 18:04:46.650,1.97443,1.97495,1.58,1.00
2014.03.06 18:04:46.961,1.97437,1.97495,1.58,1.45
2014.03.06 18:04:47.686,1.97437,1.97495,1.58,1.45
2014.03.06 18:04:48.245,1.97437,1.97495,1.58,1.45
2014.03.06 18:04:50.027,1.97437,1.97495,1.20,1.45
2014.03.06 18:04:50.657,1.97435,1.97495,1.95,1.45
2014.03.06 18:04:53.179,1.97437,1.97495,1.20,1.45
2014.03.06 18:04:53.696,1.97434,1.97495,1.20,1.88
2014.03.06 18:04:53.756,1.97431,1.97495,1.20,1.95
2014.03.06 18:04:57.648,1.97431,1.97495,1.20,1.95
2014.03.06 18:04:58.461,1.97431,1.97495,1.20,1.95
2014.03.06 18:04:59.668,1.97436,1.97495,1.55,1.20
2014.03.06 18:05:00.558,1.97445,1.97495,1.00,1.20
2014.03.06 18:05:03.641,1.97427,1.97491,1.28,1.50
2014.03.06 18:05:03.930,1.97436,1.97491,1.00,1.50
2014.03.06 18:05:04.422,1.97436,1.97491,1.38,1.50
2014.03.06 18:05:07.900,1.97445,1.97491,1.00,1.50
2014.03.06 18:05:10.311,1.97435,1.97491,1.38,1.50
2014.03.06 18:05:10.563,1.97435,1.97491,1.00,1.88
2014.03.06 18:05:10.665,1.97425,1.97488,1.45,1.83
2014.03.06 18:05:10.923,1.97425,1.9748,1.13,1.20
2014.03.06 18:05:11.100,1.97425,1.97481,1.38,1.88
2014.03.06 18:05:11.750,1.97436,1.97481,1.00,1.88
2014.03.06 18:05:11.851,1.97426,1.97481,1.38,1.88
2014.03.06 18:05:16.582,1.97436,1.97481,1.00,1.50
2014.03.06 18:05:17.351,1.97425,1.97482,1.38,1.88
2014.03.06 18:05:17.716,1.97425,1.9748,1.20,1.13
2014.03.06 18:05:17.767,1.97425,1.97486,1.28,1.58
2014.03.06 18:05:17.871,1.97425,1.97479,1.13,1.20
2014.03.06 18:05:19.900,1.97415,1.97472,1.48,2.29
2014.03.06 18:05:20.343,1.97415,1.97463,1.38,1.15
2014.03.06 18:05:21.931,1.97411,1.97465,1.13,1.50
2014.03.06 18:05:21.982,1.97413,1.97472,1.20,2.04
2014.03.06 18:05:22.083,1.97425,1.97477,1.00,1.28
2014.03.06 18:05:22.234,1.97425,1.97483,1.55,1.28
2014.03.06 18:05:23.420,1.97425,1.97484,1.55,1.95
2014.03.06 18:05:25.849,1.97436,1.97484,1.00,1.58
2014.03.06 18:05:25.900,1.97436,1.97484,1.00,1.20
2014.03.06 18:05:25.959,1.97436,1.97486,1.38,1.50
2014.03.06 18:05:26.010,1.97436,1.97493,1.38,1.20
2014.03.06 18:05:26.161,1.97427,1.97484,1.20,1.00
2014.03.06 18:05:26.363,1.97426,1.97484,1.28,1.53
2014.03.06 18:05:26.611,1.97426,1.97484,1.53,1.53
2014.03.06 18:05:26.720,1.97426,1.97484,1.53,1.53
2014.03.06 18:05:33.430,1.97426,1.97484,1.28,1.53
2014.03.06 18:05:34.984,1.97426,1.97477,1.20,1.58
2014.03.06 18:05:35.524,1.97426,1.97477,1.00,1.65
2014.03.06 18:05:35.897,1.97426,1.97477,1.00,1.99
2014.03.06 18:05:36.099,1.97426,1.97477,1.00,1.99
2014.03.06 18:05:39.569,1.97416,1.97474,1.95,1.54
2014.03.06 18:05:40.559,1.97416,1.97464,1.20,1.00
2014.03.06 18:05:43.311,1.97416,1.97473,1.95,1.58
2014.03.06 18:05:43.690,1.97416,1.97473,1.95,1.20
2014.03.06 18:05:44.709,1.97416,1.97473,1.95,1.54
2014.03.06 18:05:45.805,1.97416,1.97473,1.95,1.54
2014.03.06 18:05:47.650,1.97426,1.97473,1.38,1.54
2014.03.06 18:05:48.121,1.97426,1.97473,1.38,1.10
2014.03.06 18:05:48.729,1.97426,1.97473,1.38,1.10
2014.03.06 18:05:50.179,1.97426,1.97473,1.38,1.10
2014.03.06 18:05:51.340,1.97416,1.97465,1.20,1.00
2014.03.06 18:06:15.977,1.97416,1.97475,1.20,1.18
2014.03.06 18:06:16.129,1.97416,1.97472,1.20,1.13
2014.03.06 18:06:17.382,1.97416,1.97464,1.20,1.00
2014.03.06 18:06:17.600,1.97416,1.97472,1.95,1.13
2014.03.06 18:06:17.651,1.97416,1.97474,1.95,1.79
2014.03.06 18:06:17.900,1.97416,1.97474,1.95,1.45
2014.03.06 18:06:34.682,1.97416,1.97464,1.20,1.00
2014.03.06 18:06:35.802,1.97412,1.97464,1.20,1.00
2014.03.06 18:06:43.269,1.97412,1.97464,1.20,1.00
2014.03.06 18:07:07.363,1.97425,1.9748,1.00,1.58
2014.03.06 18:07:07.514,1.97425,1.97481,1.38,1.50
2014.03.06 18:07:07.565,1.97425,1.97485,1.55,1.65
2014.03.06 18:07:13.684,1.97425,1.97485,1.55,1.65
2014.03.06 18:07:16.219,1.97425,1.97485,1.55,2.40
2014.03.06 18:07:16.383,1.97435,1.97485,1.00,1.90
2014.03.06 18:07:16.534,1.97435,1.97492,1.45,1.65
2014.03.06 18:07:16.635,1.97429,1.97485,1.20,1.00
2014.03.06 18:07:16.836,1.97445,1.97496,1.38,1.24
2014.03.06 18:07:16.988,1.97445,1.97495,1.13,1.24
2014.03.06 18:07:17.278,1.97445,1.97495,1.38,1.24
2014.03.06 18:07:20.134,1.97445,1.975,1.45,1.17
2014.03.06 18:07:20.850,1.97445,1.975,1.53,1.09
2014.03.06 18:07:21.793,1.97445,1.97501,1.53,1.20
2014.03.06 18:07:21.944,1.97436,1.975,1.95,1.58
2014.03.06 18:07:22.487,1.97446,1.97495,1.38,1.20
2014.03.06 18:07:28.167,1.97446,1.97495,1.00,1.58
2014.03.06 18:07:31.518,1.97435,1.97495,1.45,2.33
2014.03.06 18:07:31.847,1.97446,1.97495,1.00,1.58
2014.03.06 18:07:32.452,1.97446,1.97497,1.00,1.20
2014.03.06 18:07:32.527,1.97446,1.975,1.00,1.92
2014.03.06 18:07:38.648,1.97446,1.975,1.00,1.92
2014.03.06 18:07:39.369,1.97455,1.975,1.00,1.54
2014.03.06 18:07:39.522,1.97455,1.975,1.00,1.20
2014.03.06 18:07:41.827,1.97455,1.975,1.00,1.20
2014.03.06 18:07:53.208,1.97455,1.97503,1.00,1.53
2014.03.06 18:07:53.967,1.97455,1.97502,1.00,1.53
2014.03.06 18:07:56.941,1.97455,1.97502,1.00,1.53
2014.03.06 18:07:58.657,1.97455,1.97502,1.00,1.53
2014.03.06 18:07:58.767,1.97455,1.97502,1.00,1.53
2014.03.06 18:07:59.108,1.97455,1.97502,1.00,1.53
2014.03.06 18:08:02.320,1.97445,1.97502,1.53,1.53
2014.03.06 18:08:02.627,1.97445,1.97502,1.53,1.53
2014.03.06 18:08:03.617,1.97445,1.97502,1.53,1.15
2014.03.06 18:08:03.948,1.97445,1.97502,1.53,1.15
2014.03.06 18:08:04.763,1.97445,1.97502,1.53,1.15
2014.03.06 18:08:10.711,1.97446,1.97495,1.20,1.00
2014.03.06 18:08:11.013,1.97448,1.97502,1.20,1.38
2014.03.06 18:08:11.114,1.97446,1.97502,2.63,1.38
2014.03.06 18:08:15.937,1.97455,1.97502,1.10,1.38
2014.03.06 18:08:24.083,1.97446,1.97502,1.95,1.45
2014.03.06 18:08:24.251,1.97446,1.97502,1.55,1.55
2014.03.06 18:08:27.655,1.97446,1.97499,1.48,1.13
2014.03.06 18:08:27.834,1.97446,1.97493,1.13,1.18
2014.03.06 18:08:27.939,1.97446,1.97493,1.00,1.55
2014.03.06 18:08:28.450,1.97446,1.97492,1.00,1.95
2014.03.06 18:08:31.756,1.97456,1.97492,1.00,1.95
2014.03.06 18:08:44.867,1.97445,1.97492,1.00,1.13
2014.03.06 18:08:45.068,1.97445,1.97493,1.00,1.55
2014.03.06 18:08:51.937,1.97445,1.97498,1.38,1.58
2014.03.06 18:08:53.918,1.97445,1.97498,1.13,1.58
2014.03.06 18:08:54.378,1.97445,1.97498,1.38,1.20
2014.03.06 18:08:58.958,1.97455,1.975,1.00,2.25
2014.03.06 18:09:05.625,1.97455,1.975,1.00,1.58
2014.03.06 18:09:05.726,1.97455,1.975,1.00,1.15
2014.03.06 18:09:06.409,1.97446,1.97502,1.38,1.54
2014.03.06 18:09:06.737,1.97456,1.97502,1.00,1.54
2014.03.06 18:09:07.216,1.97456,1.97492,1.00,1.00
2014.03.06 18:09:07.317,1.97445,1.97492,1.38,1.08
2014.03.06 18:09:07.418,1.97445,1.97492,1.38,1.15
2014.03.06 18:09:07.518,1.97445,1.97493,1.00,1.28
2014.03.06 18:09:07.619,1.97436,1.97493,1.45,1.28
2014.03.06 18:09:07.670,1.97436,1.97493,1.45,1.53
2014.03.06 18:09:12.036,1.97436,1.97493,1.45,1.45
2014.03.06 18:09:26.137,1.97446,1.97492,1.00,1.38
2014.03.06 18:09:26.188,1.97446,1.97492,1.00,1.13
2014.03.06 18:09:26.239,1.97446,1.97492,1.08,1.13
2014.03.06 18:09:27.845,1.97446,1.97502,1.55,1.89
2014.03.06 18:09:28.085,1.97455,1.97502,1.00,1.89
2014.03.06 18:09:30.840,1.97455,1.97502,1.00,1.55
2014.03.06 18:09:31.042,1.97455,1.97503,1.08,1.38
2014.03.06 18:09:36.547,1.97455,1.97503,1.00,1.45
2014.03.06 18:09:37.105,1.97445,1.97503,1.53,1.53
2014.03.06 18:09:37.621,1.97445,1.97503,1.53,1.53
2014.03.06 18:09:37.875,1.97455,1.97503,1.00,1.53
2014.03.06 18:09:42.576,1.97455,1.97503,1.00,1.53
2014.03.06 18:09:42.627,1.97446,1.97503,1.55,1.53
2014.03.06 18:09:42.953,1.97456,1.97502,1.00,1.55
2014.03.06 18:09:43.377,1.97446,1.97502,1.55,1.55
2014.03.06 18:09:43.746,1.97446,1.97502,1.55,1.55
2014.03.06 18:09:44.049,1.97446,1.97501,1.38,1.20
2014.03.06 18:09:44.834,1.97446,1.97501,1.38,1.20
2014.03.06 18:09:45.165,1.97455,1.97501,1.00,1.20
2014.03.06 18:09:46.775,1.97445,1.97501,1.38,1.20
2014.03.06 18:09:49.233,1.97445,1.97503,1.53,1.53
2014.03.06 18:09:49.534,1.97456,1.97503,1.00,1.53
2014.03.06 18:09:54.913,1.97456,1.975,1.00,1.13
2014.03.06 18:10:02.510,1.97456,1.97503,1.00,1.15
2014.03.06 18:10:11.895,1.97446,1.97503,1.48,1.53
2014.03.06 18:10:12.119,1.97446,1.97502,1.38,1.20
2014.03.06 18:10:12.229,1.97446,1.975,1.38,1.88
2014.03.06 18:10:12.527,1.97455,1.975,1.00,1.88
2014.03.06 18:10:12.686,1.97445,1.975,1.38,1.20
2014.03.06 18:10:12.896,1.97445,1.97492,1.13,1.00
2014.03.06 18:10:14.395,1.97456,1.97492,1.00,1.00
2014.03.06 18:10:29.794,1.97446,1.97492,1.00,1.00
2014.03.06 18:10:29.845,1.97446,1.97492,1.00,1.15
2014.03.06 18:10:30.386,1.97446,1.97493,1.00,1.53
2014.03.06 18:10:35.206,1.97446,1.97493,1.00,1.53
2014.03.06 18:10:36.879,1.97446,1.97493,1.00,1.53
2014.03.06 18:10:39.097,1.97435,1.97493,1.15,1.53
2014.03.06 18:10:40.365,1.9743,1.97485,1.20,1.38
2014.03.06 18:10:40.518,1.97425,1.97483,1.53,1.45
2014.03.06 18:10:40.696,1.97425,1.97483,1.53,1.45
2014.03.06 18:10:41.281,1.97425,1.97483,1.53,1.45
2014.03.06 18:10:42.234,1.97425,1.97483,1.53,1.45
2014.03.06 18:10:43.824,1.97436,1.97483,1.00,1.45
2014.03.06 18:10:44.024,1.97436,1.97483,1.00,1.45
2014.03.06 18:10:47.624,1.97436,1.97483,1.00,1.45
2014.03.06 18:10:48.597,1.97425,1.97483,1.53,1.45
2014.03.06 18:10:48.724,1.97425,1.97483,1.15,1.45
2014.03.06 18:10:49.399,1.97425,1.97483,1.53,1.45
2014.03.06 18:10:50.594,1.97425,1.97483,1.53,1.45
2014.03.06 18:10:51.695,1.97425,1.97483,1.53,1.45
2014.03.06 18:10:51.947,1.97425,1.97483,1.53,1.45
2014.03.06 18:10:54.554,1.97425,1.97482,1.53,1.48
2014.03.06 18:10:54.927,1.97436,1.97484,1.08,1.50
2014.03.06 18:10:55.475,1.97436,1.97483,1.00,1.55
2014.03.06 18:10:57.179,1.97446,1.97483,1.00,1.55
2014.03.06 18:11:04.254,1.97446,1.97483,1.00,1.55
2014.03.06 18:11:04.355,1.97446,1.97483,1.00,1.00
2014.03.06 18:11:04.603,1.97446,1.97492,1.00,1.53
2014.03.06 18:11:21.458,1.97446,1.97493,1.00,1.99
2014.03.06 18:11:26.363,1.97446,1.97492,1.00,1.09
2014.03.06 18:11:28.819,1.97436,1.97492,1.95,1.09
2014.03.06 18:11:29.271,1.97436,1.97491,1.95,1.50
2014.03.06 18:11:29.443,1.97436,1.97491,1.95,1.50
2014.03.06 18:11:29.944,1.97456,1.97491,1.00,1.13
2014.03.06 18:11:30.433,1.97456,1.97491,1.00,1.38
2014.03.06 18:11:31.423,1.97456,1.97491,1.00,1.13
2014.03.06 18:11:35.638,1.97441,1.97491,1.20,1.13
2014.03.06 18:11:37.866,1.97456,1.97491,1.00,1.00
2014.03.06 18:11:39.814,1.97441,1.97491,1.20,1.00
2014.03.06 18:11:40.804,1.97455,1.97491,1.00,1.00
2014.03.06 18:11:41.093,1.97445,1.97491,1.28,1.00
2014.03.06 18:11:50.673,1.97443,1.97491,1.20,1.00
2014.03.06 18:11:51.061,1.97445,1.97491,1.20,1.00
2014.03.06 18:11:53.833,1.9745,1.97491,1.50,1.00
2014.03.06 18:11:54.363,1.9745,1.97492,1.50,1.09
2014.03.06 18:11:55.902,1.9745,1.97492,1.50,1.34
2014.03.06 18:11:57.052,1.97446,1.97492,1.83,1.34
2014.03.06 18:12:10.732,1.97446,1.97492,1.83,1.84
2014.03.06 18:12:17.442,1.97446,1.97492,1.83,1.84
2014.03.06 18:12:34.970,1.97446,1.97492,1.83,1.47
2014.03.06 18:12:37.451,1.97451,1.97492,1.08,1.47
2014.03.06 18:12:38.484,1.97446,1.97492,1.15,1.09
2014.03.06 18:12:39.163,1.97446,1.97492,1.15,1.84
2014.03.06 18:12:39.693,1.97446,1.97492,1.15,1.84
2014.03.06 18:12:42.619,1.97448,1.97492,1.50,1.47
2014.03.06 18:12:43.606,1.97465,1.97503,1.00,1.50
2014.03.06 18:12:43.656,1.97465,1.97504,1.00,1.09
2014.03.06 18:12:43.857,1.97465,1.97503,1.00,1.50
2014.03.06 18:12:44.183,1.97465,1.97503,1.00,1.13
2014.03.06 18:12:44.841,1.97465,1.97503,1.00,1.38
2014.03.06 18:12:46.392,1.97465,1.97503,1.00,1.38
2014.03.06 18:12:46.873,1.97455,1.97503,1.83,1.88
2014.03.06 18:12:46.974,1.97455,1.97503,1.83,1.88
2014.03.06 18:12:47.276,1.97455,1.97497,1.83,1.84
2014.03.06 18:12:48.360,1.97462,1.97493,1.50,1.84
2014.03.06 18:12:48.512,1.97471,1.97512,1.20,1.13
2014.03.06 18:12:48.830,1.97481,1.97513,1.50,1.00
2014.03.06 18:12:49.134,1.97496,1.97546,1.10,1.20
2014.03.06 18:12:49.235,1.97496,1.97546,1.10,1.20
2014.03.06 18:12:49.285,1.97496,1.97546,1.15,1.13
2014.03.06 18:12:50.715,1.97496,1.97546,1.08,1.13
2014.03.06 18:12:50.816,1.97496,1.97546,1.00,1.13
2014.03.06 18:12:50.930,1.97496,1.97546,1.00,1.13
2014.03.06 18:12:51.932,1.97488,1.97545,1.20,1.50
2014.03.06 18:12:53.713,1.97488,1.97545,1.20,1.50
2014.03.06 18:12:55.562,1.97488,1.97543,1.20,2.22
2014.03.06 18:12:55.713,1.97485,1.97535,1.20,1.72
2014.03.06 18:12:55.764,1.9748,1.97535,1.20,1.72
2014.03.06 18:12:55.865,1.9748,1.97535,1.20,1.72
2014.03.06 18:12:55.965,1.97475,1.97534,1.95,1.24
2014.03.06 18:12:56.066,1.97475,1.97533,1.45,1.58
2014.03.06 18:12:56.234,1.97469,1.97524,1.58,1.84
2014.03.06 18:13:02.352,1.97469,1.97523,1.20,1.09
2014.03.06 18:13:02.504,1.97467,1.97523,1.58,1.17
2014.03.06 18:13:02.604,1.97463,1.97523,1.80,1.50
2014.03.06 18:13:03.155,1.97463,1.97523,1.80,1.13
2014.03.06 18:13:06.225,1.97466,1.97523,1.53,1.24
2014.03.06 18:13:07.614,1.97466,1.97523,1.95,1.17
2014.03.06 18:13:08.105,1.97469,1.97523,1.20,1.09
2014.03.06 18:13:10.381,1.97469,1.97523,1.20,1.09
2014.03.06 18:13:12.801,1.97469,1.97523,1.20,1.09
2014.03.06 18:13:13.236,1.97469,1.97515,1.20,1.00
2014.03.06 18:13:13.672,1.97469,1.97523,1.20,1.09
2014.03.06 18:13:15.662,1.97468,1.97523,1.20,1.09
2014.03.06 18:13:15.813,1.97466,1.97523,1.20,1.17
2014.03.06 18:13:15.914,1.97462,1.97523,1.20,1.50
2014.03.06 18:13:18.191,1.97462,1.97523,1.20,1.50
2014.03.06 18:13:18.801,1.97462,1.97523,1.20,1.50
2014.03.06 18:13:21.942,1.97462,1.97523,1.20,1.50
2014.03.06 18:13:22.627,1.97462,1.97523,1.20,1.50
2014.03.06 18:13:23.591,1.97462,1.97523,1.20,1.50
2014.03.06 18:13:24.171,1.97462,1.97523,1.20,1.50
2014.03.06 18:13:26.122,1.97462,1.97523,1.20,1.50
2014.03.06 18:13:27.518,1.97467,1.97524,1.50,1.09
2014.03.06 18:13:33.160,1.97467,1.97524,1.88,1.09
2014.03.06 18:13:33.686,1.97468,1.97521,1.20,1.00
2014.03.06 18:13:42.451,1.97469,1.97515,1.20,1.00
2014.03.06 18:13:42.561,1.97469,1.97524,1.20,1.09
2014.03.06 18:13:47.682,1.97468,1.97521,1.20,1.00
2014.03.06 18:13:48.011,1.97463,1.97524,1.20,1.99
2014.03.06 18:13:51.251,1.97463,1.97515,1.20,1.00
2014.03.06 18:13:51.363,1.97463,1.9752,1.20,1.10
2014.03.06 18:13:53.151,1.97463,1.97514,1.20,1.00
2014.03.06 18:13:53.462,1.97463,1.97524,1.20,1.24
2014.03.06 18:14:08.712,1.97464,1.97524,1.20,1.24
2014.03.06 18:14:09.913,1.97464,1.97524,1.88,1.17
2014.03.06 18:14:16.803,1.97464,1.97524,1.88,1.17
2014.03.06 18:14:25.903,1.97464,1.97524,1.50,1.17
2014.03.06 18:14:26.055,1.97457,1.97517,2.25,1.17
2014.03.06 18:14:26.207,1.97457,1.97517,2.25,1.17
2014.03.06 18:14:26.541,1.97457,1.97517,1.88,1.17
2014.03.06 18:14:26.793,1.97453,1.97517,1.58,1.92
2014.03.06 18:14:26.951,1.97453,1.97517,1.58,1.92
2014.03.06 18:14:28.850,1.97453,1.97517,1.20,1.92
2014.03.06 18:14:29.370,1.97453,1.97504,1.20,1.00
2014.03.06 18:14:32.920,1.97455,1.97515,1.15,1.90
2014.03.06 18:14:32.971,1.97455,1.9751,1.08,1.50
2014.03.06 18:14:33.072,1.97455,1.97503,1.00,1.17
2014.03.06 18:14:33.410,1.97446,1.97503,1.58,1.17
2014.03.06 18:14:33.680,1.97446,1.97503,1.58,1.17
2014.03.06 18:14:34.995,1.97449,1.97503,1.95,1.17
2014.03.06 18:14:35.046,1.97457,1.97504,1.13,1.45
2014.03.06 18:14:35.097,1.97461,1.97504,2.25,1.38
2014.03.06 18:14:35.299,1.97496,1.9755,1.00,1.24
2014.03.06 18:14:35.350,1.97496,1.97545,1.00,1.13
2014.03.06 18:14:35.652,1.97496,1.97542,2.49,1.45
2014.03.06 18:14:35.854,1.97475,1.97526,1.00,1.20
2014.03.06 18:14:36.606,1.97466,1.97526,1.20,1.20
2014.03.06 18:14:36.657,1.97466,1.97528,1.45,1.50
2014.03.06 18:14:37.281,1.97466,1.97526,1.20,1.13
2014.03.06 18:14:37.382,1.97467,1.97533,1.20,1.58
2014.03.06 18:14:39.089,1.97476,1.97533,1.00,1.58
2014.03.06 18:14:44.542,1.97476,1.97534,1.15,1.53
2014.03.06 18:14:44.845,1.97495,1.97546,1.00,1.58
2014.03.06 18:14:46.923,1.97495,1.97546,1.00,1.58
2014.03.06 18:14:47.150,1.97505,1.97546,1.00,1.58
2014.03.06 18:14:47.452,1.97506,1.97541,1.00,1.58
2014.03.06 18:14:47.554,1.97506,1.97547,1.00,1.58
2014.03.06 18:14:47.806,1.97496,1.97547,1.00,1.58
2014.03.06 18:14:47.908,1.97485,1.97547,1.53,1.58
2014.03.06 18:14:47.959,1.97485,1.97536,1.00,1.20
2014.03.06 18:14:48.161,1.97475,1.97536,1.53,1.20
2014.03.06 18:14:48.449,1.97475,1.97536,1.53,1.20
2014.03.06 18:14:49.161,1.97485,1.97536,1.00,1.20
2014.03.06 18:15:06.052,1.97486,1.97536,1.00,1.20
2014.03.06 18:15:08.015,1.97486,1.97534,1.00,1.20
2014.03.06 18:15:11.881,1.97495,1.97534,1.00,1.20
2014.03.06 18:15:12.190,1.97516,1.97536,1.00,1.50
2014.03.06 18:15:12.291,1.97516,1.97548,1.00,1.20
2014.03.06 18:15:13.030,1.97516,1.97557,1.00,1.58
2014.03.06 18:15:13.759,1.97516,1.97549,1.00,1.20
2014.03.06 18:15:14.861,1.97516,1.97549,1.00,1.20
2014.03.06 18:15:15.294,1.97496,1.97549,1.00,1.20
2014.03.06 18:15:15.445,1.97496,1.97549,1.00,1.20
2014.03.06 18:15:15.650,1.97486,1.97549,1.15,1.20
2014.03.06 18:15:15.852,1.97496,1.97549,1.00,1.20
2014.03.06 18:15:21.120,1.97495,1.97549,1.00,1.20
2014.03.06 18:15:21.171,1.97495,1.97549,1.38,1.20
2014.03.06 18:15:21.372,1.97505,1.97556,1.00,1.20
2014.03.06 18:15:22.550,1.97496,1.97554,1.18,1.53
2014.03.06 18:15:23.260,1.97496,1.97554,1.18,1.53
2014.03.06 18:15:27.829,1.97505,1.97556,1.00,1.20
2014.03.06 18:15:27.879,1.97505,1.97556,1.00,1.20
2014.03.06 18:15:28.182,1.97505,1.97556,1.00,1.58
2014.03.06 18:15:28.512,1.97515,1.97556,1.00,1.20
2014.03.06 18:15:28.613,1.97505,1.97556,1.00,1.20
2014.03.06 18:15:28.855,1.97516,1.97561,1.00,1.58
2014.03.06 18:15:28.955,1.97505,1.97561,1.00,1.58
2014.03.06 18:15:29.422,1.97515,1.97561,1.00,1.58
2014.03.06 18:15:29.632,1.97505,1.97561,1.00,1.58
2014.03.06 18:15:31.824,1.97515,1.97561,1.00,1.58
2014.03.06 18:15:32.130,1.97515,1.97561,1.00,1.58
2014.03.06 18:15:32.281,1.97515,1.97561,1.00,1.58
2014.03.06 18:15:32.340,1.97498,1.97554,1.90,1.20
2014.03.06 18:15:33.922,1.97506,1.97561,1.13,1.58
2014.03.06 18:15:34.319,1.97516,1.97561,1.00,1.58
2014.03.06 18:15:34.582,1.97516,1.97567,1.00,1.58
2014.03.06 18:15:34.870,1.97505,1.97565,1.53,1.90
2014.03.06 18:15:35.200,1.97515,1.97567,1.00,1.58
2014.03.06 18:15:35.435,1.97515,1.97567,1.00,1.20
2014.03.06 18:15:36.415,1.97503,1.97564,1.20,1.53
2014.03.06 18:15:36.466,1.97503,1.97564,1.20,1.53
2014.03.06 18:15:36.668,1.97496,1.9756,2.33,1.20
2014.03.06 18:15:37.110,1.97496,1.9756,1.95,2.33
2014.03.06 18:15:37.222,1.97496,1.97554,1.20,1.13
2014.03.06 18:15:37.323,1.97496,1.97554,1.13,1.20
2014.03.06 18:15:38.621,1.97487,1.97545,1.20,1.38
2014.03.06 18:15:38.722,1.97479,1.97545,1.20,2.33
2014.03.06 18:15:39.055,1.97485,1.97545,1.45,1.58
2014.03.06 18:15:39.170,1.97485,1.97545,1.45,1.58
2014.03.06 18:15:39.552,1.97485,1.97545,1.08,1.20
2014.03.06 18:15:40.370,1.97505,1.97547,1.00,1.50
2014.03.06 18:15:40.522,1.97505,1.97551,1.00,1.13
2014.03.06 18:15:40.623,1.97505,1.97559,1.00,1.13
2014.03.06 18:15:41.480,1.97505,1.97559,1.00,1.20
2014.03.06 18:15:43.104,1.97492,1.97545,1.58,1.00
2014.03.06 18:15:43.155,1.97487,1.97545,1.28,2.74
2014.03.06 18:15:43.256,1.97485,1.97537,1.38,1.99
2014.03.06 18:15:43.307,1.97496,1.97538,1.00,2.67
2014.03.06 18:15:43.357,1.97496,1.97538,1.00,2.67
2014.03.06 18:15:43.508,1.97496,1.97538,1.00,2.67
2014.03.06 18:15:43.900,1.97496,1.97538,1.00,1.20
2014.03.06 18:15:46.599,1.97506,1.97545,1.00,1.58
2014.03.06 18:15:48.065,1.97496,1.97545,1.00,1.58
2014.03.06 18:15:48.220,1.97496,1.97545,1.38,1.20
2014.03.06 18:15:48.271,1.97496,1.97549,1.38,1.58
2014.03.06 18:15:50.731,1.97495,1.97551,1.38,1.50
2014.03.06 18:15:51.160,1.97495,1.97551,1.38,1.50
2014.03.06 18:15:52.920,1.97486,1.97551,1.53,1.50
2014.03.06 18:16:00.902,1.97506,1.97551,1.00,1.50
2014.03.06 18:16:01.053,1.97485,1.97551,1.95,1.50
2014.03.06 18:16:08.502,1.97495,1.97552,1.38,1.20
2014.03.06 18:16:13.490,1.97496,1.97552,1.38,1.20
2014.03.06 18:16:14.470,1.97486,1.97544,1.55,1.15
2014.03.06 18:16:21.000,1.97486,1.97554,1.95,1.20
2014.03.06 18:16:21.995,1.97506,1.97561,1.45,1.53
2014.03.06 18:16:22.196,1.97491,1.97557,1.20,1.58
2014.03.06 18:16:22.503,1.97491,1.97555,1.45,1.20
2014.03.06 18:16:22.834,1.97486,1.97552,1.95,1.50
2014.03.06 18:16:29.207,1.97493,1.97557,1.20,1.58
2014.03.06 18:16:37.482,1.97496,1.97557,1.53,1.58
2014.03.06 18:16:46.081,1.97516,1.97557,1.00,1.20
2014.03.06 18:16:46.233,1.97516,1.97567,1.38,1.83
2014.03.06 18:16:46.334,1.97526,1.97574,1.00,1.28
2014.03.06 18:16:46.810,1.97526,1.97574,1.00,1.28
2014.03.06 18:16:49.588,1.97516,1.97574,1.08,1.95
2014.03.06 18:16:49.689,1.97516,1.97574,1.08,1.95
2014.03.06 18:16:49.849,1.97506,1.97569,1.53,1.20
2014.03.06 18:16:49.899,1.97506,1.97569,1.28,1.20
2014.03.06 18:16:50.409,1.97506,1.97568,1.28,1.20
2014.03.06 18:16:51.788,1.97515,1.97568,1.00,1.20
2014.03.06 18:16:51.889,1.97515,1.97568,1.00,1.20
2014.03.06 18:16:55.232,1.97526,1.97568,1.00,1.20
2014.03.06 18:16:55.333,1.97516,1.97568,1.00,1.20
2014.03.06 18:16:57.884,1.97506,1.97564,1.53,1.28
2014.03.06 18:16:58.278,1.97516,1.97568,1.00,1.20
2014.03.06 18:17:04.267,1.97516,1.97564,1.00,1.20
2014.03.06 18:17:04.838,1.97506,1.97563,1.38,1.20
2014.03.06 18:17:04.888,1.97506,1.97563,1.00,2.29
2014.03.06 18:17:05.190,1.97506,1.97541,1.00,1.50
2014.03.06 18:17:05.392,1.97485,1.97541,1.38,1.50
2014.03.06 18:17:05.744,1.97477,1.97541,1.53,1.50
2014.03.06 18:17:06.275,1.97481,1.97547,1.50,1.50
2014.03.06 18:17:06.376,1.97481,1.97548,1.58,1.50
2014.03.06 18:17:08.168,1.97495,1.97548,1.38,1.50
2014.03.06 18:17:13.121,1.97495,1.97548,1.30,1.50
2014.03.06 18:17:14.112,1.97495,1.97552,1.48,1.50
2014.03.06 18:17:14.313,1.97505,1.97554,1.38,1.08
2014.03.06 18:17:14.415,1.97505,1.97562,1.38,1.50
2014.03.06 18:17:14.671,1.97516,1.97562,1.38,1.50
2014.03.06 18:17:16.418,1.97525,1.97561,1.00,1.20
2014.03.06 18:17:20.110,1.97515,1.97562,1.00,1.88
2014.03.06 18:17:23.078,1.97505,1.97561,1.30,1.20
2014.03.06 18:17:23.130,1.97505,1.97561,1.00,1.20
2014.03.06 18:17:23.431,1.97505,1.97555,1.00,1.45
2014.03.06 18:17:25.271,1.97505,1.97548,1.00,1.13
2014.03.06 18:17:30.388,1.97516,1.97548,1.00,1.20
2014.03.06 18:17:34.957,1.97505,1.97549,1.00,1.20
2014.03.06 18:17:45.756,1.97505,1.97546,1.00,1.20
2014.03.06 18:17:57.022,1.97505,1.97553,1.00,1.20
2014.03.06 18:18:05.138,1.97495,1.97553,1.00,1.20
2014.03.06 18:18:05.189,1.97495,1.97553,1.00,1.20
2014.03.06 18:18:09.462,1.97495,1.97547,1.00,1.20
2014.03.06 18:18:09.803,1.97495,1.97542,1.00,1.20
2014.03.06 18:18:18.420,1.97486,1.97542,1.38,1.20
2014.03.06 18:18:22.490,1.97486,1.97544,1.38,2.25
2014.03.06 18:18:29.764,1.97486,1.97544,1.38,2.25
2014.03.06 18:18:30.016,1.97496,1.97546,1.38,1.50
2014.03.06 18:18:30.067,1.97506,1.97549,1.00,1.88
2014.03.06 18:18:39.078,1.97506,1.97549,1.38,1.50
2014.03.06 18:18:39.626,1.97506,1.97549,1.13,1.50
2014.03.06 18:18:50.079,1.97506,1.9755,1.00,1.50
2014.03.06 18:19:01.344,1.97506,1.97555,1.00,1.20
2014.03.06 18:19:01.545,1.97506,1.97562,1.00,1.58
2014.03.06 18:19:11.426,1.97506,1.97562,1.00,1.20
2014.03.06 18:19:11.477,1.97506,1.97564,1.15,1.55
2014.03.06 18:19:11.836,1.97526,1.97568,1.00,1.58
2014.03.06 18:19:13.815,1.97506,1.97568,1.15,1.58
2014.03.06 18:19:14.017,1.97506,1.97562,1.20,1.13
2014.03.06 18:19:14.068,1.97506,1.97562,1.13,1.20
2014.03.06 18:19:14.668,1.97506,1.97562,1.13,1.20
2014.03.06 18:19:15.000,1.97506,1.97562,1.38,1.20
2014.03.06 18:19:15.101,1.97505,1.97568,1.53,1.58
2014.03.06 18:19:15.418,1.97505,1.97568,1.53,1.20
2014.03.06 18:19:15.619,1.97509,1.97573,1.20,1.20
2014.03.06 18:19:15.981,1.97509,1.97573,1.20,1.20
2014.03.06 18:19:19.519,1.97515,1.97579,1.20,1.20
2014.03.06 18:19:19.671,1.97515,1.97582,1.95,1.88
2014.03.06 18:19:19.973,1.97521,1.97585,1.20,1.20
2014.03.06 18:19:22.239,1.97521,1.97585,1.20,1.20
2014.03.06 18:19:23.672,1.97519,1.97578,1.45,1.13
2014.03.06 18:19:24.251,1.97516,1.97578,1.53,1.20
2014.03.06 18:19:25.716,1.97516,1.9758,1.53,1.88
2014.03.06 18:19:25.927,1.97525,1.97583,1.48,1.20
2014.03.06 18:19:25.978,1.97536,1.97592,1.45,1.13
2014.03.06 18:19:26.079,1.97546,1.97601,1.00,1.50
2014.03.06 18:19:26.582,1.97545,1.97599,1.45,1.13
2014.03.06 18:19:26.633,1.97545,1.97604,1.45,1.20
2014.03.06 18:19:26.734,1.97545,1.97607,1.53,1.50
2014.03.06 18:19:27.409,1.97555,1.97606,1.38,1.20
2014.03.06 18:19:27.611,1.97555,1.97607,1.38,1.88
2014.03.06 18:19:29.896,1.97545,1.97599,1.38,1.17
2014.03.06 18:19:29.946,1.97545,1.97598,1.00,1.99
2014.03.06 18:19:30.336,1.97536,1.97594,1.00,1.20
2014.03.06 18:19:30.487,1.97536,1.97596,1.38,1.50
2014.03.06 18:19:30.588,1.97547,1.97613,1.20,1.20
2014.03.06 18:19:30.689,1.97547,1.97614,1.20,1.88
2014.03.06 18:19:30.997,1.97547,1.97614,1.20,1.88
2014.03.06 18:19:31.249,1.97553,1.97621,1.05,2.03
2014.03.06 18:19:31.445,1.97553,1.97621,1.05,2.03
2014.03.06 18:19:32.010,1.97553,1.9762,1.20,1.20
2014.03.06 18:19:32.462,1.97553,1.97621,1.20,1.50
2014.03.06 18:19:33.035,1.97553,1.97621,1.20,1.50
2014.03.06 18:19:33.136,1.97556,1.97614,1.53,1.55
2014.03.06 18:19:33.237,1.97556,1.97613,1.38,1.58
2014.03.06 18:19:33.440,1.97547,1.97605,1.20,1.00
2014.03.06 18:19:33.700,1.97548,1.97605,1.53,1.00
2014.03.06 18:19:33.751,1.97557,1.97615,1.13,1.95
2014.03.06 18:19:33.802,1.97557,1.97615,1.20,1.45
2014.03.06 18:19:34.462,1.97557,1.97615,1.20,1.45
2014.03.06 18:19:35.425,1.97557,1.97615,1.20,1.20
2014.03.06 18:19:35.526,1.97557,1.97612,1.20,1.00
2014.03.06 18:19:35.829,1.97545,1.97601,1.00,2.70
2014.03.06 18:19:36.132,1.97546,1.9761,1.20,1.20
2014.03.06 18:19:36.233,1.97566,1.97614,1.13,1.88
2014.03.06 18:19:36.795,1.97566,1.97614,1.38,1.50
2014.03.06 18:19:37.216,1.97566,1.97614,1.38,1.50
2014.03.06 18:19:37.437,1.97576,1.9762,1.00,1.58
2014.03.06 18:19:37.588,1.97565,1.97619,1.38,1.15
2014.03.06 18:19:37.645,1.97565,1.97619,1.38,1.15
2014.03.06 18:19:37.968,1.97565,1.97625,1.45,1.05
2014.03.06 18:19:38.069,1.97565,1.97627,1.53,1.50
2014.03.06 18:19:38.170,1.97565,1.97626,1.53,1.20
2014.03.06 18:19:38.267,1.97565,1.97622,1.45,1.20
2014.03.06 18:19:38.637,1.97555,1.97614,1.20,1.18
2014.03.06 18:19:38.827,1.97555,1.97614,1.20,1.18
2014.03.06 18:19:39.199,1.97559,1.97627,1.20,2.63
2014.03.06 18:19:39.250,1.9756,1.97627,1.20,1.88
2014.03.06 18:19:39.766,1.9756,1.97627,1.20,1.50
2014.03.06 18:19:41.955,1.97565,1.97627,1.53,1.50
2014.03.06 18:19:42.587,1.97565,1.97627,1.53,1.50
2014.03.06 18:19:42.838,1.97567,1.97633,1.20,1.20
2014.03.06 18:19:42.938,1.97567,1.97634,1.20,1.50
2014.03.06 18:19:43.466,1.97567,1.97634,1.20,1.88
2014.03.06 18:19:44.672,1.97567,1.97634,1.20,1.50
2014.03.06 18:19:45.606,1.97572,1.97638,1.13,1.20
2014.03.06 18:19:45.657,1.97572,1.97639,1.20,1.20
2014.03.06 18:19:46.637,1.97575,1.97639,1.53,1.20
2014.03.06 18:19:47.645,1.97585,1.97639,1.38,1.20
2014.03.06 18:19:48.241,1.97576,1.9764,1.53,1.50
2014.03.06 18:19:48.872,1.97572,1.97634,1.20,1.15
2014.03.06 18:19:48.945,1.97572,1.97634,1.20,1.15
2014.03.06 18:19:49.748,1.97572,1.97624,1.20,1.00
2014.03.06 18:19:49.935,1.97576,1.97639,1.53,1.20
2014.03.06 18:19:50.203,1.97576,1.97629,1.20,1.13
2014.03.06 18:19:50.254,1.97576,1.97626,1.13,1.58
2014.03.06 18:19:50.406,1.97556,1.9762,1.20,1.20
2014.03.06 18:19:50.507,1.97556,1.97614,1.20,1.20
2014.03.06 18:19:50.557,1.9755,1.97604,1.65,1.00
2014.03.06 18:19:50.660,1.97566,1.97616,1.13,1.88
2014.03.06 18:19:51.145,1.97566,1.97616,1.38,1.50
2014.03.06 18:19:51.648,1.97576,1.97618,1.00,1.20
2014.03.06 18:19:51.749,1.97576,1.97622,1.13,1.50
2014.03.06 18:19:51.951,1.97576,1.97622,1.38,1.50
2014.03.06 18:19:52.288,1.97576,1.97629,1.38,1.50
2014.03.06 18:19:52.338,1.97576,1.97629,1.38,1.50
2014.03.06 18:19:52.389,1.97576,1.97629,1.38,1.50
2014.03.06 18:19:53.654,1.97576,1.97632,1.38,1.20
2014.03.06 18:19:53.704,1.97576,1.97634,1.38,1.50
2014.03.06 18:19:53.956,1.97576,1.97637,1.53,1.20
2014.03.06 18:19:54.135,1.97576,1.97638,1.53,1.20
2014.03.06 18:19:54.763,1.97585,1.9764,1.38,1.88
2014.03.06 18:19:55.663,1.97585,1.9764,1.38,1.50
2014.03.06 18:19:59.084,1.97585,1.9764,1.38,1.50
2014.03.06 18:19:59.236,1.97585,1.97644,1.48,1.88
2014.03.06 18:19:59.336,1.97585,1.97644,1.48,1.20
2014.03.06 18:19:59.437,1.97585,1.97644,1.48,1.20
2014.03.06 18:19:59.554,1.97585,1.97644,1.48,1.20
2014.03.06 18:19:59.656,1.97585,1.97644,1.48,1.20
2014.03.06 18:20:01.371,1.97585,1.97641,1.38,1.50
2014.03.06 18:20:02.056,1.97585,1.97638,1.38,1.20
2014.03.06 18:20:02.620,1.97585,1.97638,1.38,1.20
2014.03.06 18:20:02.925,1.97575,1.97631,1.38,1.50
2014.03.06 18:20:02.975,1.97575,1.97629,1.38,1.20
2014.03.06 18:20:03.135,1.97575,1.97629,1.38,1.88
2014.03.06 18:20:03.505,1.97575,1.97626,1.38,1.50
2014.03.06 18:20:04.367,1.97575,1.97626,1.38,1.50
2014.03.06 18:20:05.593,1.97575,1.97626,1.38,1.50
2014.03.06 18:20:05.643,1.97575,1.97629,1.38,1.50
2014.03.06 18:20:05.702,1.97575,1.97631,1.38,1.50
2014.03.06 18:20:08.126,1.97575,1.9763,1.38,1.20
2014.03.06 18:20:09.553,1.97575,1.97629,1.38,1.20
2014.03.06 18:20:12.416,1.97566,1.97629,1.53,1.20
2014.03.06 18:20:12.567,1.97566,1.97625,1.48,1.50
2014.03.06 18:20:14.396,1.97576,1.97625,1.38,1.50
2014.03.06 18:20:18.456,1.97565,1.97625,1.58,1.50
2014.03.06 18:20:25.176,1.97576,1.97625,1.38,1.50
2014.03.06 18:20:25.680,1.97576,1.97625,1.30,1.50
2014.03.06 18:20:27.245,1.97576,1.97625,1.38,1.50
2014.03.06 18:20:27.771,1.97576,1.97625,1.38,1.50
2014.03.06 18:20:28.785,1.97576,1.97625,1.38,1.50
2014.03.06 18:20:29.888,1.97575,1.97629,1.38,1.20
2014.03.06 18:20:30.436,1.97575,1.97629,1.38,1.20
2014.03.06 18:20:35.194,1.97575,1.97624,1.38,1.50
2014.03.06 18:20:41.408,1.97586,1.97624,1.00,1.50
2014.03.06 18:20:41.738,1.97575,1.97624,1.38,1.50
2014.03.06 18:20:42.315,1.97575,1.97624,1.38,1.50
2014.03.06 18:20:42.819,1.97575,1.97624,1.38,1.50
2014.03.06 18:20:54.795,1.97586,1.97624,1.00,1.50
2014.03.06 18:20:55.166,1.97575,1.97627,1.38,1.50
2014.03.06 18:20:55.715,1.97576,1.97627,1.38,1.50
2014.03.06 18:20:56.196,1.97565,1.97626,1.45,1.20
2014.03.06 18:20:56.298,1.97565,1.97626,1.38,1.20
2014.03.06 18:21:04.105,1.97565,1.97621,1.38,1.50
2014.03.06 18:21:16.258,1.97565,1.97621,1.38,1.50
2014.03.06 18:21:16.872,1.97565,1.97622,1.38,1.50
2014.03.06 18:21:18.677,1.97565,1.97622,1.38,1.50
2014.03.06 18:21:18.778,1.97565,1.9763,1.53,1.93
2014.03.06 18:21:18.879,1.97565,1.9763,1.53,1.93
2014.03.06 18:21:19.183,1.97575,1.9763,1.38,1.50
2014.03.06 18:21:19.425,1.97575,1.9763,1.38,1.50
2014.03.06 18:21:21.304,1.97586,1.9763,1.00,1.50
2014.03.06 18:21:21.405,1.97586,1.9763,1.38,1.50
2014.03.06 18:21:21.457,1.97586,1.97635,1.38,1.50
2014.03.06 18:21:21.659,1.97586,1.97635,1.38,1.50
2014.03.06 18:21:21.760,1.97586,1.97643,1.38,1.50
2014.03.06 18:21:22.191,1.97595,1.97643,1.38,1.50
2014.03.06 18:21:23.385,1.97586,1.97642,1.38,1.20
2014.03.06 18:21:23.487,1.97586,1.97642,1.38,1.88
2014.03.06 18:21:23.662,1.97576,1.97634,1.83,1.15
2014.03.06 18:21:23.713,1.97576,1.97634,1.83,1.53
2014.03.06 18:21:25.594,1.97595,1.97636,1.00,1.20
2014.03.06 18:21:26.085,1.97596,1.97644,1.00,1.58
2014.03.06 18:21:26.338,1.97596,1.9765,1.13,1.20
2014.03.06 18:21:28.804,1.97605,1.9765,1.00,1.20
2014.03.06 18:21:29.126,1.97605,1.9765,1.00,1.20
2014.03.06 18:21:29.428,1.97605,1.97645,1.00,1.20
2014.03.06 18:21:37.039,1.97605,1.9765,1.00,1.20
2014.03.06 18:21:39.784,1.97615,1.9765,1.00,1.20
2014.03.06 18:21:39.985,1.97615,1.97656,1.00,1.58
2014.03.06 18:21:43.084,1.97597,1.97656,1.28,1.95
2014.03.06 18:21:43.185,1.97595,1.97648,1.83,1.13
2014.03.06 18:21:43.236,1.97595,1.97648,1.38,1.88
2014.03.06 18:21:43.776,1.97585,1.97646,1.18,1.20
2014.03.06 18:21:57.484,1.97586,1.97646,1.08,1.20
2014.03.06 18:21:57.686,1.97575,1.97633,1.00,1.20
2014.03.06 18:21:58.193,1.97567,1.97633,1.20,1.20
2014.03.06 18:22:13.663,1.97575,1.97633,1.00,1.20
2014.03.06 18:22:17.699,1.97575,1.97631,1.00,1.20
2014.03.06 18:22:18.307,1.97575,1.9763,1.00,1.20
2014.03.06 18:22:19.726,1.97566,1.9763,1.53,1.20
2014.03.06 18:22:21.664,1.97586,1.9763,1.00,1.20
2014.03.06 18:22:21.873,1.97575,1.97631,1.00,1.50
2014.03.06 18:22:27.263,1.97566,1.9763,1.90,1.20
2014.03.06 18:22:29.426,1.97566,1.97626,1.08,1.20
2014.03.06 18:22:29.477,1.97565,1.97625,1.20,1.50
2014.03.06 18:22:29.679,1.97565,1.97618,1.00,1.20
2014.03.06 18:22:29.730,1.97557,1.97618,1.53,1.20
2014.03.06 18:22:29.881,1.97556,1.97613,1.00,1.50
2014.03.06 18:22:30.133,1.97545,1.97611,2.25,1.20
2014.03.06 18:22:30.234,1.97542,1.97606,1.20,1.20
2014.03.06 18:22:30.385,1.97546,1.97606,1.18,1.20
2014.03.06 18:22:30.587,1.97536,1.97599,1.15,1.20
2014.03.06 18:22:30.638,1.97536,1.97599,1.15,1.20
2014.03.06 18:22:30.863,1.97536,1.97593,1.00,1.20
2014.03.06 18:22:30.914,1.97527,1.97593,1.58,1.20
2014.03.06 18:22:31.182,1.97535,1.97593,1.00,1.20
2014.03.06 18:22:31.363,1.97522,1.97587,1.15,1.20
2014.03.06 18:22:33.255,1.97536,1.97587,1.00,1.20
2014.03.06 18:22:33.315,1.97525,1.97587,1.15,1.20
2014.03.06 18:22:33.558,1.97535,1.97587,1.00,1.20
2014.03.06 18:22:38.593,1.97525,1.97585,1.15,1.53
2014.03.06 18:22:38.644,1.97525,1.97583,1.08,1.20
2014.03.06 18:22:39.174,1.97525,1.9758,1.00,1.20
2014.03.06 18:22:43.109,1.97516,1.97574,1.95,1.45
2014.03.06 18:22:43.210,1.97516,1.97569,1.38,1.50
2014.03.06 18:22:43.312,1.97516,1.97567,1.00,1.20
2014.03.06 18:22:43.363,1.97506,1.97567,1.53,1.20
2014.03.06 18:22:43.413,1.97506,1.97567,1.15,1.20
2014.03.06 18:22:43.665,1.97506,1.97561,1.00,1.20
2014.03.06 18:22:44.743,1.97506,1.97561,1.08,1.13
2014.03.06 18:22:44.844,1.97506,1.97568,1.15,1.20
2014.03.06 18:22:56.486,1.97505,1.97568,1.15,1.20
2014.03.06 18:22:56.788,1.97505,1.97568,1.15,1.58
2014.03.06 18:22:57.002,1.97505,1.9756,1.00,1.20
2014.03.06 18:22:57.103,1.97505,1.97563,1.08,1.20
2014.03.06 18:22:57.154,1.97505,1.97568,1.15,1.20
2014.03.06 18:22:57.362,1.97505,1.97568,1.15,1.20
2014.03.06 18:22:57.474,1.97505,1.97568,1.15,1.20
2014.03.06 18:22:57.912,1.97505,1.97568,1.15,1.20
2014.03.06 18:22:58.366,1.97505,1.97568,1.15,1.20
2014.03.06 18:23:09.591,1.97505,1.97568,1.15,1.20
2014.03.06 18:23:17.044,1.97505,1.97566,1.15,1.20
2014.03.06 18:23:18.714,1.97505,1.97566,1.15,1.20
2014.03.06 18:23:19.358,1.97505,1.97566,1.15,1.20
2014.03.06 18:23:19.923,1.97505,1.97566,1.28,1.20
2014.03.06 18:23:24.424,1.97505,1.97566,1.15,1.20
2014.03.06 18:23:24.872,1.97505,1.97566,1.15,1.20
2014.03.06 18:23:24.973,1.97505,1.97566,1.15,1.20
2014.03.06 18:23:29.046,1.97505,1.97566,1.15,1.20
2014.03.06 18:23:30.893,1.97505,1.97566,1.15,1.20
2014.03.06 18:23:37.169,1.97505,1.97566,1.15,1.45
2014.03.06 18:23:37.501,1.97505,1.97571,1.58,1.20
2014.03.06 18:23:57.684,1.97505,1.97572,1.83,1.58
2014.03.06 18:24:07.778,1.97505,1.97568,1.85,1.20
2014.03.06 18:24:07.829,1.97498,1.97565,1.50,1.53
2014.03.06 18:24:07.930,1.97495,1.97558,1.15,1.95
2014.03.06 18:24:08.183,1.97495,1.97549,1.00,1.20
2014.03.06 18:24:08.815,1.97505,1.97549,1.00,1.20
2014.03.06 18:24:10.871,1.97496,1.97549,1.00,1.20
2014.03.06 18:24:18.132,1.97505,1.97549,1.00,1.20
2014.03.06 18:24:21.591,1.97496,1.97549,1.00,1.20
2014.03.06 18:24:23.870,1.97505,1.97549,1.00,1.20
2014.03.06 18:24:24.072,1.97505,1.97554,1.00,1.20
2014.03.06 18:24:24.173,1.97505,1.97556,1.38,1.50
2014.03.06 18:24:24.375,1.97516,1.97563,1.00,1.20
2014.03.06 18:24:24.477,1.97516,1.97569,1.38,1.20
2014.03.06 18:24:24.533,1.97516,1.97571,1.38,1.20
2014.03.06 18:24:25.071,1.97516,1.97571,1.38,1.20
2014.03.06 18:24:25.572,1.97516,1.97571,1.38,1.20
2014.03.06 18:24:29.141,1.97526,1.97571,1.00,1.20
2014.03.06 18:24:29.475,1.97526,1.97563,1.00,1.20
2014.03.06 18:24:29.993,1.97526,1.97559,1.00,1.88
2014.03.06 18:24:33.313,1.97505,1.97558,1.38,1.20
2014.03.06 18:24:40.096,1.97505,1.97559,1.38,1.50
2014.03.06 18:24:40.571,1.97516,1.97559,1.00,1.50
2014.03.06 18:24:41.904,1.97505,1.97559,1.38,1.50
2014.03.06 18:24:41.963,1.97505,1.97562,1.48,1.88
2014.03.06 18:24:42.014,1.97505,1.97562,1.48,1.20
2014.03.06 18:24:55.930,1.97505,1.97562,1.48,1.20
2014.03.06 18:25:01.991,1.97505,1.97561,1.38,1.20
2014.03.06 18:25:06.753,1.97505,1.97562,1.38,1.20
2014.03.06 18:25:07.154,1.97505,1.97561,1.38,1.20
2014.03.06 18:25:14.082,1.97515,1.97561,1.00,1.20
2014.03.06 18:25:14.760,1.97515,1.97563,1.38,1.50
2014.03.06 18:25:16.258,1.97515,1.97566,1.38,1.20
2014.03.06 18:25:16.408,1.97515,1.97567,1.38,1.20
2014.03.06 18:25:20.134,1.97525,1.97567,1.00,1.20
2014.03.06 18:25:21.774,1.97525,1.97567,1.00,1.50
2014.03.06 18:25:22.135,1.97525,1.97563,1.00,1.50
2014.03.06 18:25:32.252,1.97516,1.97563,1.38,1.50
2014.03.06 18:25:32.357,1.97525,1.97563,1.00,1.50
2014.03.06 18:25:32.565,1.97516,1.97563,1.38,1.50
2014.03.06 18:25:32.862,1.97516,1.97563,1.38,1.50
2014.03.06 18:25:33.574,1.97516,1.97563,1.00,1.50
2014.03.06 18:25:41.632,1.97516,1.97563,1.38,1.50
2014.03.06 18:25:41.733,1.97516,1.97564,1.38,1.50
2014.03.06 18:25:41.834,1.97526,1.97564,1.00,1.50
2014.03.06 18:25:42.149,1.97526,1.97558,1.00,1.50
2014.03.06 18:25:42.352,1.97515,1.97558,1.38,1.50
2014.03.06 18:25:43.148,1.97515,1.97558,1.00,1.50
2014.03.06 18:25:47.779,1.97525,1.97558,1.00,1.50
2014.03.06 18:25:47.829,1.97525,1.97562,1.00,1.50
2014.03.06 18:25:47.880,1.97525,1.97564,1.00,1.88
2014.03.06 18:25:47.931,1.97525,1.97564,1.00,1.20
2014.03.06 18:25:47.982,1.97525,1.97571,1.00,1.58
2014.03.06 18:25:48.095,1.97515,1.97571,1.00,1.58
2014.03.06 18:25:48.759,1.97515,1.97571,1.00,1.58
2014.03.06 18:25:51.592,1.97525,1.97571,1.00,1.58
2014.03.06 18:26:03.088,1.97535,1.97571,1.00,1.58
2014.03.06 18:26:03.239,1.97535,1.97576,1.00,1.24
2014.03.06 18:26:04.192,1.97535,1.97577,1.00,1.54
2014.03.06 18:26:04.445,1.97535,1.9758,1.00,1.53
2014.03.06 18:26:04.727,1.97545,1.9758,1.00,1.53
2014.03.06 18:26:06.821,1.97535,1.9758,1.00,1.53
2014.03.06 18:26:06.872,1.97535,1.9758,1.00,1.53
2014.03.06 18:26:07.827,1.97535,1.97579,1.00,1.53
2014.03.06 18:26:08.129,1.97535,1.97571,1.00,1.58
2014.03.06 18:26:08.761,1.97535,1.97571,1.00,1.58
2014.03.06 18:26:09.022,1.97525,1.97571,1.00,1.58
2014.03.06 18:26:09.985,1.97525,1.97568,1.00,1.00
2014.03.06 18:26:10.791,1.97525,1.97573,1.00,1.24
2014.03.06 18:26:10.892,1.97512,1.97561,1.20,1.09
2014.03.06 18:26:10.943,1.97506,1.97559,1.75,1.17
2014.03.06 18:26:10.993,1.97506,1.97559,1.00,1.24
2014.03.06 18:26:11.044,1.97506,1.97554,1.00,1.50
2014.03.06 18:26:15.844,1.97515,1.97554,1.00,1.58
2014.03.06 18:26:17.197,1.97496,1.97554,1.45,2.33
2014.03.06 18:26:17.381,1.97506,1.97554,1.00,1.58
2014.03.06 18:26:18.136,1.97506,1.97554,1.00,1.58
2014.03.06 18:26:18.635,1.97496,1.97554,1.45,2.33
2014.03.06 18:26:19.176,1.97506,1.97554,1.00,1.58
2014.03.06 18:26:23.322,1.97516,1.97554,1.00,1.58
2014.03.06 18:26:23.652,1.97505,1.97554,1.00,1.58
2014.03.06 18:26:26.291,1.97496,1.97554,1.45,2.33
2014.03.06 18:26:26.425,1.97496,1.97554,1.45,2.33
2014.03.06 18:26:28.419,1.97496,1.97554,1.45,2.33
2014.03.06 18:26:31.518,1.97496,1.97552,1.45,1.58
2014.03.06 18:26:32.000,1.97496,1.9755,1.38,1.58
2014.03.06 18:26:32.330,1.97505,1.9755,1.00,1.58
2014.03.06 18:26:35.905,1.97496,1.97549,1.38,1.24
2014.03.06 18:26:36.006,1.97496,1.97546,1.38,1.20
2014.03.06 18:26:51.642,1.97486,1.97544,1.38,1.83
2014.03.06 18:26:51.743,1.97486,1.97537,1.00,1.20
2014.03.06 18:26:51.844,1.9747,1.97531,1.28,1.13
2014.03.06 18:26:51.894,1.97468,1.97531,1.53,1.20
2014.03.06 18:26:51.945,1.97468,1.97526,1.45,1.20
2014.03.06 18:26:51.996,1.97465,1.97524,1.00,1.50
2014.03.06 18:26:52.197,1.97456,1.97515,1.85,1.50
2014.03.06 18:26:52.695,1.97466,1.97515,1.00,1.50
2014.03.06 18:26:52.999,1.97456,1.97515,1.48,1.50
2014.03.06 18:26:53.100,1.97456,1.97515,1.48,1.50
2014.03.06 18:26:53.201,1.97456,1.97515,1.48,1.50
2014.03.06 18:26:53.421,1.97456,1.97515,1.85,1.50
2014.03.06 18:26:55.816,1.97456,1.97515,1.48,1.50
2014.03.06 18:26:56.402,1.97456,1.97515,1.48,1.50
2014.03.06 18:26:59.400,1.97456,1.97515,1.48,1.50
2014.03.06 18:26:59.501,1.97455,1.97515,1.45,1.50
2014.03.06 18:27:00.059,1.97456,1.97515,1.48,1.50
2014.03.06 18:27:12.418,1.97456,1.97513,1.38,1.50
2014.03.06 18:27:16.091,1.97456,1.97513,1.38,1.50
2014.03.06 18:27:16.588,1.97456,1.97513,1.38,1.50
2014.03.06 18:27:16.906,1.97456,1.97513,1.38,1.50
2014.03.06 18:27:17.201,1.97456,1.97513,1.38,1.50
2014.03.06 18:27:17.523,1.97456,1.97513,1.38,1.50
2014.03.06 18:27:17.860,1.97456,1.97513,1.38,1.50
2014.03.06 18:27:18.195,1.97456,1.97513,1.38,1.50
2014.03.06 18:27:18.447,1.97455,1.97511,1.38,1.50
2014.03.06 18:27:18.874,1.97455,1.97507,1.38,1.50
2014.03.06 18:27:20.390,1.97455,1.97507,1.38,1.50
2014.03.06 18:27:20.550,1.97455,1.97507,1.38,1.50
2014.03.06 18:27:20.716,1.97455,1.97515,1.48,1.50
2014.03.06 18:27:21.245,1.97455,1.97515,1.48,1.50
2014.03.06 18:27:22.150,1.97455,1.97515,1.48,1.50
2014.03.06 18:27:22.660,1.97455,1.97515,1.48,1.50
2014.03.06 18:27:23.227,1.97455,1.97515,1.48,1.50
2014.03.06 18:27:23.750,1.97455,1.97515,1.48,1.50
2014.03.06 18:27:23.937,1.97455,1.97515,1.48,1.50
2014.03.06 18:27:25.670,1.97455,1.97515,1.48,1.50
2014.03.06 18:27:26.332,1.97455,1.97515,1.48,1.50
2014.03.06 18:27:26.442,1.97455,1.97515,1.48,1.50
2014.03.06 18:27:26.660,1.97455,1.97515,1.48,1.50
2014.03.06 18:27:27.567,1.97455,1.97515,1.48,1.50
2014.03.06 18:27:28.243,1.97448,1.97515,1.58,1.50
2014.03.06 18:27:28.471,1.97456,1.97515,1.38,1.50
2014.03.06 18:27:32.071,1.97445,1.97515,1.95,1.50
2014.03.06 18:27:32.222,1.97445,1.97508,1.53,1.50
2014.03.06 18:27:34.173,1.97445,1.97508,1.53,1.50
2014.03.06 18:27:34.380,1.97445,1.97508,1.53,1.50
2014.03.06 18:27:37.034,1.97445,1.97508,1.53,1.50
2014.03.06 18:27:39.850,1.97456,1.97513,1.38,1.50
2014.03.06 18:27:39.901,1.97456,1.97515,1.38,1.50
2014.03.06 18:27:42.122,1.97456,1.97515,1.38,1.50
2014.03.06 18:27:42.232,1.97456,1.97515,1.38,1.50
2014.03.06 18:27:42.569,1.97459,1.97522,1.47,2.10
2014.03.06 18:27:42.619,1.97475,1.97522,1.00,1.43
2014.03.06 18:27:42.670,1.97475,1.97526,1.38,1.35
2014.03.06 18:27:42.721,1.97475,1.97532,1.38,1.60
2014.03.06 18:27:42.889,1.97475,1.97533,1.00,1.28
2014.03.06 18:27:42.940,1.97475,1.97524,1.00,1.20
2014.03.06 18:27:42.991,1.97461,1.97524,1.53,1.20
2014.03.06 18:27:45.663,1.97458,1.97524,1.20,1.95
2014.03.06 18:27:45.817,1.97452,1.9752,1.58,1.50
2014.03.06 18:27:45.931,1.97452,1.9752,1.58,1.50
2014.03.06 18:27:46.593,1.97455,1.9752,1.65,1.50
2014.03.06 18:27:46.712,1.97455,1.9752,1.65,1.50
2014.03.06 18:27:46.922,1.97456,1.9751,1.38,1.17
2014.03.06 18:27:47.224,1.97456,1.97509,1.00,1.58
2014.03.06 18:27:47.590,1.97445,1.97505,1.95,1.53
2014.03.06 18:27:47.741,1.97445,1.97505,1.95,1.90
2014.03.06 18:27:47.792,1.97445,1.97503,1.13,1.58
2014.03.06 18:27:47.947,1.97445,1.97503,1.13,1.58
2014.03.06 18:27:53.423,1.97445,1.97503,1.38,1.58
2014.03.06 18:27:54.860,1.97445,1.97503,1.13,1.58
2014.03.06 18:27:57.061,1.97445,1.97503,1.20,1.83
2014.03.06 18:27:57.212,1.97446,1.97504,1.53,1.53
2014.03.06 18:27:57.615,1.97455,1.97508,1.00,1.58
2014.03.06 18:27:57.723,1.97445,1.97505,1.53,1.65
2014.03.06 18:27:57.832,1.97455,1.97508,1.00,1.58
2014.03.06 18:27:58.159,1.97455,1.97505,1.08,1.08
2014.03.06 18:27:58.261,1.97455,1.97505,1.53,1.00
2014.03.06 18:28:06.780,1.97466,1.97514,1.00,1.24
2014.03.06 18:28:06.891,1.97456,1.97514,1.53,1.99
2014.03.06 18:28:07.550,1.97465,1.97514,1.00,1.24
2014.03.06 18:28:07.701,1.97465,1.97518,1.00,1.20
2014.03.06 18:28:08.156,1.97465,1.97525,1.10,2.29
2014.03.06 18:28:08.257,1.97465,1.97518,1.00,1.20
2014.03.06 18:28:13.399,1.97465,1.97518,1.00,1.20
2014.03.06 18:28:19.879,1.97465,1.97518,1.00,1.58
2014.03.06 18:28:20.201,1.97465,1.97518,1.00,1.58
2014.03.06 18:28:20.352,1.97456,1.97514,1.15,1.53
2014.03.06 18:28:20.453,1.97456,1.97514,1.15,1.53
2014.03.06 18:28:21.950,1.97456,1.97512,1.00,1.58
2014.03.06 18:28:22.180,1.97456,1.97512,1.00,1.58
2014.03.06 18:28:24.351,1.97448,1.97504,1.20,1.38
2014.03.06 18:28:24.453,1.97446,1.97504,1.15,1.53
2014.03.06 18:28:24.604,1.97455,1.97506,1.00,1.20
2014.03.06 18:28:24.899,1.97446,1.97504,1.15,1.90
2014.03.06 18:28:25.000,1.97446,1.97504,1.15,1.90
2014.03.06 18:28:26.330,1.97456,1.97506,1.00,1.58
2014.03.06 18:28:26.389,1.97456,1.97506,1.00,1.58
2014.03.06 18:28:27.599,1.97456,1.97506,1.00,1.58
2014.03.06 18:28:27.650,1.97446,1.97504,1.28,1.90
2014.03.06 18:28:27.929,1.97446,1.97504,1.15,1.90
2014.03.06 18:28:28.610,1.97446,1.97504,1.15,1.90
2014.03.06 18:28:33.219,1.97446,1.97502,1.53,1.24
2014.03.06 18:28:33.471,1.97446,1.97501,1.15,1.50
2014.03.06 18:28:33.700,1.97446,1.97502,1.53,1.24
2014.03.06 18:28:33.869,1.97446,1.97502,1.53,1.24
2014.03.06 18:28:34.218,1.97446,1.97502,1.53,1.24
2014.03.06 18:28:34.269,1.97447,1.97502,1.20,1.09
2014.03.06 18:28:44.350,1.97447,1.97494,1.20,1.00
2014.03.06 18:28:44.570,1.97447,1.97502,1.20,1.09
2014.03.06 18:28:49.650,1.97447,1.97495,1.20,1.00
2014.03.06 18:28:50.108,1.97456,1.97502,1.00,1.09
2014.03.06 18:28:59.468,1.97456,1.97501,1.00,1.09
2014.03.06 18:29:00.030,1.97456,1.97504,1.00,1.09
2014.03.06 18:29:02.115,1.97456,1.97503,1.00,1.09
2014.03.06 18:29:02.925,1.97456,1.97503,1.00,1.09
2014.03.06 18:29:03.820,1.97465,1.97506,1.00,1.24
2014.03.06 18:29:04.173,1.97466,1.975,1.38,1.00
2014.03.06 18:29:04.224,1.97466,1.9752,1.38,1.50
2014.03.06 18:29:04.325,1.97466,1.9753,1.95,1.20
2014.03.06 18:29:04.376,1.97475,1.9753,1.00,1.20
2014.03.06 18:29:04.599,1.97475,1.97536,1.53,1.65
2014.03.06 18:29:04.751,1.97475,1.97536,1.15,1.65
2014.03.06 18:29:05.093,1.97475,1.97531,1.00,1.65
2014.03.06 18:29:06.627,1.97475,1.97531,1.00,1.65
2014.03.06 18:29:06.728,1.97466,1.97531,1.53,1.73
2014.03.06 18:29:09.563,1.97466,1.97524,1.53,1.82
2014.03.06 18:29:09.866,1.97466,1.97512,1.20,1.13
2014.03.06 18:29:10.108,1.97461,1.97525,1.20,1.80
2014.03.06 18:29:10.160,1.97461,1.97525,1.20,1.80
2014.03.06 18:29:10.664,1.97465,1.97527,1.53,1.20
2014.03.06 18:29:21.796,1.97461,1.97522,1.13,1.20
2014.03.06 18:29:22.100,1.97455,1.97515,1.15,1.53
2014.03.06 18:29:22.254,1.97455,1.97512,1.10,1.20
2014.03.06 18:29:43.889,1.97448,1.97505,1.58,1.48
2014.03.06 18:29:43.939,1.97445,1.97494,1.28,1.00
2014.03.06 18:29:44.148,1.97456,1.97507,1.00,1.20
2014.03.06 18:29:44.199,1.97456,1.97507,1.00,1.20
2014.03.06 18:29:44.438,1.97456,1.97507,1.00,1.20
2014.03.06 18:29:45.270,1.97456,1.97508,1.00,1.65
2014.03.06 18:29:45.371,1.97466,1.97508,1.00,1.65
2014.03.06 18:29:45.421,1.97466,1.97508,1.00,1.65
2014.03.06 18:29:47.558,1.97455,1.97508,1.48,1.28
2014.03.06 18:29:47.730,1.97455,1.97508,1.48,1.65
2014.03.06 18:29:48.108,1.97465,1.97508,1.00,1.65
2014.03.06 18:29:50.892,1.97465,1.97508,1.00,1.65
2014.03.06 18:29:51.194,1.97465,1.97509,1.00,1.65
2014.03.06 18:29:52.427,1.97465,1.97509,1.00,1.65
2014.03.06 18:29:52.964,1.97465,1.97509,1.00,1.65
2014.03.06 18:29:54.932,1.97456,1.97509,1.38,1.15
2014.03.06 18:29:55.108,1.97456,1.97509,1.38,1.15
2014.03.06 18:29:55.159,1.97466,1.97509,1.00,1.15
2014.03.06 18:29:58.398,1.97466,1.97507,1.00,1.58
2014.03.06 18:30:00.377,1.97466,1.97507,1.00,1.20
2014.03.06 18:30:13.864,1.97456,1.97507,1.53,1.00
2014.03.06 18:30:13.965,1.97465,1.97507,1.00,1.00
2014.03.06 18:30:14.195,1.97456,1.97507,1.53,1.00
2014.03.06 18:30:15.358,1.97466,1.97507,1.00,1.13
2014.03.06 18:30:24.249,1.97466,1.97507,1.00,1.50
2014.03.06 18:30:29.998,1.97466,1.97507,1.00,1.50
2014.03.06 18:30:30.552,1.97466,1.97507,1.00,1.65
2014.03.06 18:30:30.854,1.97466,1.97507,1.00,1.65
2014.03.06 18:30:32.622,1.97466,1.97503,1.00,1.20
2014.03.06 18:30:32.673,1.97445,1.97503,1.45,1.20
2014.03.06 18:30:33.240,1.97445,1.97503,1.45,1.20
2014.03.06 18:30:37.250,1.97455,1.97503,1.00,1.20
2014.03.06 18:30:43.438,1.97445,1.97503,1.45,1.20
2014.03.06 18:30:43.640,1.97437,1.97494,1.20,1.38
2014.03.06 18:30:43.841,1.97436,1.97494,1.15,1.53
2014.03.06 18:30:43.892,1.97436,1.97494,1.15,1.53
2014.03.06 18:30:44.144,1.97425,1.97485,1.95,1.55
2014.03.06 18:30:46.606,1.97425,1.97485,1.95,1.55
2014.03.06 18:30:47.216,1.97436,1.97489,1.00,1.20
2014.03.06 18:30:49.906,1.97436,1.97489,1.00,1.20
2014.03.06 18:30:50.454,1.97436,1.97489,1.00,1.20
2014.03.06 18:30:57.617,1.97436,1.97489,1.00,1.20
2014.03.06 18:31:01.382,1.97436,1.97489,1.00,1.58
2014.03.06 18:31:01.847,1.97425,1.97485,1.58,1.55
2014.03.06 18:31:04.799,1.97425,1.97485,1.15,1.53
2014.03.06 18:31:05.146,1.97436,1.97488,1.00,2.10
2014.03.06 18:31:07.396,1.97436,1.97488,1.00,2.25
2014.03.06 18:31:09.334,1.97425,1.97485,1.15,1.53
2014.03.06 18:31:09.540,1.97425,1.97485,1.15,1.53
2014.03.06 18:31:09.970,1.97425,1.9748,1.00,1.20
2014.03.06 18:31:11.396,1.97425,1.9748,1.00,1.20
2014.03.06 18:31:11.727,1.97425,1.97485,1.15,1.65
2014.03.06 18:31:12.029,1.97435,1.97486,1.00,2.10
2014.03.06 18:31:24.908,1.97435,1.97486,1.00,1.58
2014.03.06 18:31:38.158,1.97435,1.97489,1.00,1.58
2014.03.06 18:31:40.558,1.97435,1.97484,1.00,1.20
2014.03.06 18:31:40.710,1.97412,1.97474,1.53,1.53
2014.03.06 18:31:40.760,1.97412,1.97474,1.15,1.53
2014.03.06 18:31:40.911,1.97409,1.97476,1.50,1.20
2014.03.06 18:31:44.165,1.97409,1.97474,1.50,1.53
2014.03.06 18:31:44.712,1.97409,1.97476,1.50,1.20
2014.03.06 18:31:51.576,1.97406,1.97467,1.15,1.20
2014.03.06 18:31:52.022,1.97395,1.97459,1.53,1.20
2014.03.06 18:32:06.577,1.97402,1.97461,1.13,1.20
2014.03.06 18:32:06.628,1.97405,1.97466,1.15,1.20
2014.03.06 18:32:06.739,1.97405,1.97466,1.83,1.13
2014.03.06 18:32:07.366,1.97406,1.97472,1.50,1.53
2014.03.06 18:32:26.899,1.97405,1.97471,2.25,1.20
2014.03.06 18:32:27.500,1.97405,1.97471,1.58,1.58
2014.03.06 18:32:33.688,1.97404,1.97465,1.50,1.55
2014.03.06 18:32:47.743,1.97403,1.9747,1.50,1.58
2014.03.06 18:32:50.176,1.97404,1.97465,1.50,1.45
2014.03.06 18:32:50.227,1.97404,1.97465,1.88,1.45
2014.03.06 18:32:50.406,1.9741,1.97476,1.20,1.58
2014.03.06 18:32:50.511,1.97412,1.97476,1.20,1.83
2014.03.06 18:32:51.268,1.97415,1.9748,1.50,1.24
2014.03.06 18:32:52.612,1.97415,1.9748,1.50,1.24
2014.03.06 18:32:52.713,1.97416,1.97474,1.08,1.58
2014.03.06 18:32:53.376,1.9741,1.97474,1.58,2.33
2014.03.06 18:32:54.408,1.9741,1.97474,1.58,1.58
2014.03.06 18:32:54.634,1.97414,1.9748,1.50,1.24
2014.03.06 18:32:54.950,1.97414,1.9748,1.50,1.24
2014.03.06 18:33:08.894,1.97414,1.97474,1.50,1.58
2014.03.06 18:33:09.436,1.97415,1.97481,1.20,1.20
2014.03.06 18:33:09.587,1.9742,1.97485,1.20,1.53
2014.03.06 18:33:15.164,1.97419,1.97487,1.88,1.20
2014.03.06 18:33:25.625,1.97421,1.97485,1.20,1.53
2014.03.06 18:33:26.595,1.97421,1.97487,1.20,1.20
2014.03.06 18:33:26.918,1.97419,1.9748,1.20,1.13
2014.03.06 18:33:27.069,1.97416,1.9748,1.20,1.20
2014.03.06 18:33:29.003,1.97416,1.9748,1.20,1.20
2014.03.06 18:33:29.883,1.97416,1.9748,1.95,1.20
2014.03.06 18:33:33.963,1.97416,1.9748,1.20,1.20
2014.03.06 18:33:34.443,1.97422,1.97482,1.13,1.20
2014.03.06 18:33:34.494,1.97422,1.97485,1.20,1.53
2014.03.06 18:33:37.143,1.97422,1.97485,1.20,1.53
2014.03.06 18:33:37.845,1.97422,1.97485,1.20,1.53
2014.03.06 18:33:44.628,1.97422,1.97485,1.20,1.53
2014.03.06 18:33:49.354,1.97422,1.97485,1.20,1.53
2014.03.06 18:33:49.506,1.97416,1.9748,1.20,1.20
2014.03.06 18:33:51.884,1.97416,1.9748,1.20,1.20
2014.03.06 18:33:53.661,1.97416,1.9748,1.20,1.20
2014.03.06 18:33:54.284,1.97416,1.9748,1.20,1.20
2014.03.06 18:33:55.006,1.97416,1.9748,1.20,1.20
2014.03.06 18:34:05.908,1.97416,1.9748,1.20,1.20
2014.03.06 18:34:06.874,1.97422,1.97482,1.13,1.20
2014.03.06 18:34:09.893,1.97435,1.97488,1.00,1.20
2014.03.06 18:34:09.944,1.97435,1.9749,1.45,1.13
2014.03.06 18:34:10.045,1.97436,1.97499,1.20,1.45
2014.03.06 18:34:10.196,1.97445,1.97506,1.08,1.20
2014.03.06 18:34:10.298,1.97445,1.97508,1.75,1.20
2014.03.06 18:34:10.651,1.97456,1.97516,1.45,1.88
2014.03.06 18:34:11.949,1.97456,1.97516,1.45,1.50
2014.03.06 18:34:30.433,1.97456,1.97519,1.55,1.50
2014.03.06 18:34:42.660,1.97465,1.97517,1.13,1.20
2014.03.06 18:34:42.963,1.97466,1.97517,1.00,1.20
2014.03.06 18:34:43.794,1.97466,1.97512,1.00,1.20
2014.03.06 18:34:44.385,1.97466,1.97511,1.00,1.20
2014.03.06 18:34:51.779,1.97466,1.97511,1.00,1.20
2014.03.06 18:34:55.168,1.97466,1.97511,1.00,1.20
2014.03.06 18:35:04.841,1.97466,1.9751,1.00,1.20
2014.03.06 18:35:09.832,1.97455,1.9751,1.38,1.20
2014.03.06 18:35:12.104,1.97455,1.9751,1.00,1.20
2014.03.06 18:35:12.155,1.97466,1.9751,1.00,1.20
2014.03.06 18:35:12.582,1.97455,1.9751,1.38,1.20
2014.03.06 18:35:12.683,1.97455,1.9751,1.00,1.20
2014.03.06 18:35:12.985,1.97455,1.97504,1.00,1.20
2014.03.06 18:35:13.288,1.97455,1.97499,1.00,1.20
2014.03.06 18:35:13.400,1.97445,1.97499,1.38,1.20
2014.03.06 18:35:18.853,1.97456,1.97499,1.00,1.20
2014.03.06 18:35:24.134,1.97445,1.97499,1.38,1.20
2014.03.06 18:35:27.103,1.97455,1.97499,1.00,1.20
2014.03.06 18:35:33.460,1.97455,1.975,1.00,1.20
2014.03.06 18:35:36.781,1.97446,1.975,1.38,1.20
2014.03.06 18:35:37.143,1.97455,1.975,1.00,1.20
2014.03.06 18:35:37.302,1.97455,1.97505,1.00,1.20
2014.03.06 18:35:42.704,1.97455,1.97508,1.00,1.20
2014.03.06 18:35:43.007,1.97466,1.97511,1.00,1.20
2014.03.06 18:35:48.930,1.97465,1.97521,1.00,1.58
2014.03.06 18:35:52.581,1.97455,1.97521,1.58,1.20
2014.03.06 18:35:53.571,1.97465,1.97521,1.00,1.20
2014.03.06 18:35:54.151,1.97465,1.97521,1.00,1.20
2014.03.06 18:35:54.201,1.97465,1.97523,1.08,1.20
2014.03.06 18:35:54.355,1.9746,1.97526,1.50,1.20
2014.03.06 18:35:54.730,1.9746,1.97526,1.50,1.20
2014.03.06 18:36:03.187,1.97456,1.97521,1.53,1.20
2014.03.06 18:36:03.288,1.97456,1.97521,1.53,1.20
2014.03.06 18:36:07.771,1.97456,1.97521,1.53,1.20
2014.03.06 18:36:08.252,1.97465,1.97526,1.53,1.20
2014.03.06 18:36:11.796,1.97466,1.97525,1.20,1.45
2014.03.06 18:36:15.407,1.97469,1.97525,1.50,1.38
2014.03.06 18:36:16.720,1.97471,1.97525,1.20,1.00
2014.03.06 18:36:16.922,1.97476,1.97541,1.20,1.20
2014.03.06 18:36:37.757,1.97476,1.97534,1.20,1.38
2014.03.06 18:36:40.291,1.97476,1.97538,1.95,1.45
2014.03.06 18:36:40.342,1.97472,1.97538,1.20,1.20
2014.03.06 18:36:40.493,1.97471,1.97531,1.20,1.13
2014.03.06 18:36:40.544,1.97467,1.97531,1.58,1.20
2014.03.06 18:36:42.375,1.97473,1.97539,1.20,1.20
2014.03.06 18:37:02.801,1.97472,1.97538,1.88,1.20
2014.03.06 18:37:32.850,1.97472,1.97538,1.20,1.20
2014.03.06 18:38:02.961,1.97465,1.97535,1.38,1.38
2014.03.06 18:38:04.635,1.97472,1.97535,1.13,1.45
2014.03.06 18:38:24.720,1.97476,1.97534,1.55,1.20
2014.03.06 18:38:59.932,1.97476,1.97534,1.38,1.20
2014.03.06 18:39:00.033,1.97476,1.97539,1.53,1.20
2014.03.06 18:39:00.658,1.97476,1.97539,1.53,1.20
2014.03.06 18:39:02.428,1.97476,1.97539,1.53,1.20
2014.03.06 18:39:15.452,1.97475,1.97539,1.20,1.20
2014.03.06 18:39:15.754,1.97475,1.97535,1.20,1.15
2014.03.06 18:39:15.855,1.97475,1.97535,1.20,1.28
2014.03.06 18:39:15.905,1.97479,1.97535,1.20,1.20
2014.03.06 18:39:16.297,1.97479,1.97535,1.88,1.38
2014.03.06 18:39:16.618,1.97479,1.97535,1.50,1.38
2014.03.06 18:39:16.730,1.97478,1.97535,1.20,1.45
2014.03.06 18:39:16.781,1.97475,1.97535,1.20,1.53
2014.03.06 18:39:18.048,1.97475,1.97535,1.20,1.53
2014.03.06 18:39:20.688,1.97476,1.97539,1.28,1.20
2014.03.06 18:39:36.822,1.97476,1.97538,1.28,1.20
2014.03.06 18:39:48.194,1.97476,1.97538,1.95,1.13
2014.03.06 18:39:48.563,1.97478,1.97544,1.50,1.90
2014.03.06 18:39:48.990,1.97476,1.97538,1.95,1.13
2014.03.06 18:39:49.060,1.97476,1.97538,1.28,1.20
2014.03.06 18:40:09.006,1.97476,1.97541,1.95,1.20
2014.03.06 18:40:09.308,1.97476,1.97536,1.18,1.20
2014.03.06 18:40:10.417,1.97476,1.97536,1.28,1.20
2014.03.06 18:40:10.518,1.97476,1.97542,1.95,1.20
2014.03.06 18:40:10.648,1.97477,1.97542,1.20,1.20
2014.03.06 18:40:14.520,1.97478,1.97542,1.20,1.20
2014.03.06 18:40:14.722,1.97486,1.97551,1.53,1.20
2014.03.06 18:40:15.039,1.97486,1.97551,1.53,1.20
2014.03.06 18:40:15.467,1.97486,1.97551,1.53,1.20
2014.03.06 18:40:20.150,1.97485,1.97534,1.20,1.00
2014.03.06 18:40:20.649,1.97484,1.97534,1.88,1.38
2014.03.06 18:40:20.813,1.97478,1.97534,1.58,1.38
2014.03.06 18:40:20.864,1.97478,1.97534,1.58,1.00
2014.03.06 18:40:23.891,1.97485,1.97544,1.48,1.20
2014.03.06 18:40:26.409,1.97488,1.97552,1.20,1.20
2014.03.06 18:40:32.358,1.97488,1.97535,1.20,1.00
2014.03.06 18:40:33.348,1.97488,1.97545,1.20,1.48
2014.03.06 18:40:33.650,1.97488,1.97552,1.20,1.20
2014.03.06 18:40:33.901,1.97488,1.97552,1.20,1.20
2014.03.06 18:40:37.158,1.97488,1.97552,1.20,1.20
2014.03.06 18:40:48.384,1.97487,1.97552,1.20,1.20
2014.03.06 18:40:48.908,1.97496,1.97552,1.00,1.20
2014.03.06 18:40:49.556,1.97496,1.97552,1.00,1.20
2014.03.06 18:40:52.428,1.97488,1.97552,1.20,1.20
2014.03.06 18:40:53.189,1.97488,1.97552,1.20,1.20
2014.03.06 18:41:09.889,1.97488,1.97552,1.20,1.20
2014.03.06 18:41:13.928,1.97488,1.97545,1.20,1.48
2014.03.06 18:41:15.137,1.97488,1.97545,1.20,1.10
2014.03.06 18:41:25.918,1.97485,1.97552,1.88,1.20
2014.03.06 18:41:26.529,1.97479,1.97554,1.38,1.38
2014.03.06 18:41:26.926,1.97485,1.97554,1.13,1.45
2014.03.06 18:41:28.260,1.97489,1.97555,1.20,1.20
2014.03.06 18:41:28.461,1.97487,1.97555,1.50,1.20
2014.03.06 18:41:35.117,1.97482,1.97548,1.20,1.20
2014.03.06 18:41:41.790,1.97482,1.97548,1.20,1.20
2014.03.06 18:41:42.973,1.97482,1.97548,1.20,1.20
2014.03.06 18:41:43.291,1.97485,1.97548,1.28,1.58
2014.03.06 18:41:43.594,1.97477,1.97541,1.20,1.20
2014.03.06 18:41:46.405,1.97477,1.97535,1.20,1.45
2014.03.06 18:41:46.658,1.97481,1.97541,1.20,1.13
2014.03.06 18:41:46.758,1.97481,1.97541,1.20,1.13
2014.03.06 18:41:46.809,1.97483,1.97545,1.20,1.53
2014.03.06 18:41:47.354,1.97483,1.97545,1.20,1.53
2014.03.06 18:41:47.762,1.97475,1.97541,1.20,1.20
2014.03.06 18:41:55.174,1.97485,1.97547,1.55,1.20
2014.03.06 18:42:01.711,1.97485,1.97547,1.55,1.20
2014.03.06 18:42:01.954,1.9748,1.97547,1.20,1.20
2014.03.06 18:42:03.935,1.97478,1.97541,1.20,1.13
2014.03.06 18:42:04.781,1.97476,1.97541,1.45,1.88
2014.03.06 18:42:05.160,1.97476,1.97537,1.48,1.50
2014.03.06 18:42:05.463,1.97461,1.97528,1.58,1.50
2014.03.06 18:42:12.047,1.97466,1.97528,1.53,1.50
2014.03.06 18:42:12.407,1.97466,1.97528,1.53,1.50
2014.03.06 18:42:13.937,1.97461,1.97528,1.58,1.50
2014.03.06 18:42:25.753,1.9746,1.97528,1.58,1.50
2014.03.06 18:42:26.703,1.97459,1.97527,1.58,1.50
2014.03.06 18:42:27.353,1.97459,1.97527,1.58,1.50
2014.03.06 18:42:27.683,1.97465,1.97527,1.45,1.50
2014.03.06 18:42:29.885,1.97459,1.97527,1.58,1.50
2014.03.06 18:42:45.636,1.97461,1.97527,1.58,1.50
2014.03.06 18:42:47.952,1.97461,1.97529,1.20,1.50
2014.03.06 18:43:06.211,1.97461,1.97527,1.20,1.50
2014.03.06 18:43:26.726,1.97459,1.97527,1.20,1.50
2014.03.06 18:43:47.402,1.97457,1.97525,1.20,1.50
2014.03.06 18:44:04.414,1.97457,1.97525,1.95,1.50
2014.03.06 18:44:05.614,1.97457,1.97525,1.95,1.50
2014.03.06 18:44:06.933,1.97457,1.97525,1.95,1.50
2014.03.06 18:44:07.757,1.97457,1.97523,1.53,1.50
2014.03.06 18:44:08.914,1.97457,1.97523,1.53,1.50
2014.03.06 18:44:10.123,1.97457,1.97523,1.53,1.50
2014.03.06 18:44:14.193,1.97457,1.97523,1.53,1.50
2014.03.06 18:44:14.345,1.97457,1.97521,1.45,2.25
2014.03.06 18:44:14.647,1.97447,1.97508,1.55,1.50
2014.03.06 18:44:14.698,1.97466,1.97508,1.00,1.50
2014.03.06 18:44:14.849,1.97456,1.97508,1.38,1.50
2014.03.06 18:44:14.900,1.97456,1.97508,1.38,1.50
2014.03.06 18:44:15.051,1.97456,1.97502,1.38,1.50
2014.03.06 18:44:15.215,1.97456,1.97502,1.38,1.50
2014.03.06 18:44:21.427,1.97456,1.97502,1.38,1.50
2014.03.06 18:44:23.642,1.97456,1.97502,1.13,1.50
2014.03.06 18:44:27.681,1.97438,1.97501,1.45,1.50
2014.03.06 18:44:27.732,1.97435,1.975,1.88,1.20
2014.03.06 18:44:27.782,1.97435,1.97492,1.38,1.50
2014.03.06 18:44:28.096,1.97455,1.97497,1.38,1.50
2014.03.06 18:44:28.146,1.97455,1.97499,1.38,1.50
2014.03.06 18:44:32.974,1.97446,1.97499,1.38,1.50
2014.03.06 18:44:33.194,1.97436,1.97492,1.38,1.50
2014.03.06 18:44:33.454,1.97445,1.97492,1.38,1.50
2014.03.06 18:44:33.758,1.97445,1.97492,1.38,1.50
2014.03.06 18:44:35.379,1.97445,1.97498,1.38,1.50
2014.03.06 18:44:35.430,1.97445,1.97498,1.38,1.50
2014.03.06 18:44:35.481,1.97445,1.97505,1.48,2.25
2014.03.06 18:44:36.979,1.97446,1.975,1.38,1.50
2014.03.06 18:44:44.414,1.97456,1.975,1.38,1.50
2014.03.06 18:44:44.515,1.97456,1.97506,1.38,1.10
2014.03.06 18:44:44.767,1.97447,1.97505,1.20,1.00
2014.03.06 18:44:44.818,1.97445,1.97503,1.38,1.50
2014.03.06 18:44:47.746,1.97436,1.97494,2.33,1.00
2014.03.06 18:44:47.847,1.97436,1.97485,1.83,1.00
2014.03.06 18:44:48.100,1.97431,1.97485,1.58,1.00
2014.03.06 18:44:48.201,1.97445,1.97497,1.38,1.50
2014.03.06 18:44:48.943,1.97445,1.97497,1.38,1.50
2014.03.06 18:44:50.155,1.97445,1.97497,1.38,1.50
2014.03.06 18:44:51.913,1.97445,1.97496,1.38,1.20
2014.03.06 18:44:52.438,1.97445,1.97497,1.38,1.50
2014.03.06 18:44:53.818,1.97435,1.97495,1.90,1.95
2014.03.06 18:44:54.121,1.97436,1.97494,1.55,1.53
2014.03.06 18:44:54.596,1.97436,1.97491,1.38,1.20
2014.03.06 18:44:55.009,1.97436,1.97489,1.38,1.20
2014.03.06 18:44:55.110,1.97436,1.97489,1.38,1.20
2014.03.06 18:44:55.412,1.97436,1.97485,1.13,1.20
2014.03.06 18:44:55.564,1.97436,1.9749,1.13,1.20
2014.03.06 18:45:05.244,1.97436,1.9749,1.00,1.20
2014.03.06 18:45:05.359,1.97427,1.97485,1.24,1.53
2014.03.06 18:45:05.410,1.97425,1.97485,1.83,1.95
2014.03.06 18:45:05.461,1.97425,1.97484,1.48,1.20
2014.03.06 18:45:05.562,1.97425,1.97484,1.10,1.20
2014.03.06 18:45:05.666,1.97425,1.97484,1.10,1.20
2014.03.06 18:45:07.542,1.97425,1.9748,1.20,1.20
2014.03.06 18:45:07.593,1.97425,1.97483,1.20,1.20
2014.03.06 18:45:07.943,1.97425,1.97478,1.00,1.45
2014.03.06 18:45:08.094,1.97418,1.97474,1.24,1.15
2014.03.06 18:45:08.195,1.97412,1.97474,1.20,1.53
2014.03.06 18:45:08.296,1.97411,1.97471,1.45,1.13
2014.03.06 18:45:08.346,1.97404,1.97471,1.58,1.88
2014.03.06 18:45:13.034,1.97404,1.9747,1.58,1.20
2014.03.06 18:45:13.291,1.97403,1.97464,1.58,1.95
2014.03.06 18:45:14.401,1.97398,1.97464,1.20,1.95
2014.03.06 18:45:19.434,1.97398,1.97464,1.20,1.20
2014.03.06 18:45:20.427,1.97397,1.97458,1.58,1.08
2014.03.06 18:45:20.780,1.97395,1.9746,1.99,1.50
2014.03.06 18:45:20.880,1.97405,1.97458,1.00,1.20
2014.03.06 18:45:21.188,1.97396,1.9746,1.90,1.50
2014.03.06 18:45:21.567,1.97406,1.97467,1.48,1.50
2014.03.06 18:45:21.668,1.97399,1.97455,1.58,1.00
2014.03.06 18:45:21.769,1.97399,1.97455,1.08,1.08
2014.03.06 18:45:21.870,1.97388,1.97444,1.54,1.00
2014.03.06 18:45:21.920,1.97389,1.97444,1.17,1.00
2014.03.06 18:45:22.223,1.974,1.97444,1.58,1.00
2014.03.06 18:45:22.445,1.974,1.97464,1.58,1.15
2014.03.06 18:45:23.314,1.974,1.97455,1.58,1.00
2014.03.06 18:45:23.465,1.974,1.97455,1.58,1.00
2014.03.06 18:45:25.304,1.974,1.97455,1.58,1.00
2014.03.06 18:45:28.813,1.97406,1.97464,1.45,1.28
2014.03.06 18:45:40.608,1.974,1.97454,1.58,1.00
2014.03.06 18:45:41.143,1.974,1.97454,1.58,1.00
2014.03.06 18:45:41.363,1.974,1.97454,1.58,1.00
2014.03.06 18:45:54.563,1.97397,1.97454,1.58,1.10
2014.03.06 18:45:54.714,1.97397,1.97454,1.58,1.10
2014.03.06 18:45:55.053,1.97405,1.97463,1.50,1.50
2014.03.06 18:45:58.523,1.97405,1.97463,1.50,1.50
2014.03.06 18:45:58.573,1.97405,1.97465,1.58,1.83
2014.03.06 18:45:58.624,1.97405,1.97465,1.65,1.15
2014.03.06 18:45:58.675,1.97405,1.97465,1.65,1.15
2014.03.06 18:45:58.776,1.97405,1.97465,1.65,1.15
2014.03.06 18:45:59.214,1.97405,1.97465,1.90,1.15
2014.03.06 18:46:02.399,1.97408,1.97465,1.58,1.08
2014.03.06 18:46:02.450,1.9741,1.97465,1.58,1.00
2014.03.06 18:46:03.034,1.9741,1.97465,1.58,1.00
2014.03.06 18:46:04.673,1.97416,1.97474,1.45,1.58
2014.03.06 18:46:06.663,1.97416,1.97474,1.45,1.58
2014.03.06 18:46:09.184,1.9741,1.97464,1.58,1.00
2014.03.06 18:46:09.632,1.9741,1.97464,1.58,1.00
2014.03.06 18:46:09.854,1.9741,1.97464,1.58,1.00
2014.03.06 18:46:12.630,1.9741,1.97464,1.58,1.00
2014.03.06 18:46:13.142,1.97415,1.97475,1.65,1.83
2014.03.06 18:46:15.453,1.97415,1.97474,1.65,1.20
2014.03.06 18:46:15.504,1.97415,1.97469,1.45,1.20
2014.03.06 18:46:15.705,1.97406,1.97462,1.45,1.20
2014.03.06 18:46:15.756,1.97406,1.97461,1.38,1.20
2014.03.06 18:46:15.812,1.97406,1.9746,1.00,1.20
2014.03.06 18:46:16.343,1.97396,1.97454,1.62,1.08
2014.03.06 18:46:16.853,1.97406,1.9746,1.00,1.20
2014.03.06 18:46:18.282,1.97396,1.97454,1.62,1.08
2014.03.06 18:46:18.957,1.97405,1.9746,1.00,1.20
2014.03.06 18:46:19.436,1.97405,1.97462,1.38,1.50
2014.03.06 18:46:21.182,1.97405,1.9746,1.00,1.20
2014.03.06 18:46:24.652,1.97405,1.97461,1.38,1.20
2014.03.06 18:46:25.155,1.97405,1.97462,1.38,1.88
2014.03.06 18:46:27.208,1.97405,1.97462,1.38,1.88
2014.03.06 18:46:35.769,1.97405,1.97462,1.38,1.20
2014.03.06 18:46:36.379,1.97405,1.97463,1.38,1.20
2014.03.06 18:46:40.171,1.97416,1.97463,1.00,1.20
2014.03.06 18:46:40.323,1.97406,1.97463,1.38,1.20
2014.03.06 18:46:41.172,1.97397,1.97454,1.20,1.00
2014.03.06 18:46:41.746,1.97397,1.97454,1.20,1.00
2014.03.06 18:47:11.852,1.97406,1.97463,1.48,1.20
2014.03.06 18:47:13.941,1.97399,1.97454,1.58,1.00
2014.03.06 18:47:14.385,1.97399,1.97444,1.13,1.00
2014.03.06 18:47:14.637,1.97396,1.97454,1.58,1.15
2014.03.06 18:47:24.736,1.97396,1.97454,1.45,1.15
2014.03.06 18:47:24.837,1.97405,1.97462,1.38,1.20
2014.03.06 18:47:24.988,1.97405,1.97462,1.38,1.20
2014.03.06 18:47:26.172,1.97405,1.97463,1.38,1.20
2014.03.06 18:47:53.430,1.97406,1.97464,1.48,1.53
2014.03.06 18:47:54.640,1.97399,1.97455,1.58,1.00
2014.03.06 18:47:59.975,1.97399,1.97455,1.58,1.00
2014.03.06 18:48:00.310,1.97406,1.97464,1.48,1.15
2014.03.06 18:48:02.513,1.97415,1.97467,1.38,1.20
2014.03.06 18:48:02.796,1.97415,1.97471,1.38,1.20
2014.03.06 18:48:03.459,1.97415,1.97475,1.53,1.53
2014.03.06 18:48:06.124,1.97415,1.97475,1.15,1.53
2014.03.06 18:48:06.427,1.97406,1.97464,1.83,1.38
2014.03.06 18:48:06.629,1.97406,1.97464,1.15,1.48
2014.03.06 18:48:07.232,1.97406,1.97464,1.15,1.48
2014.03.06 18:48:12.902,1.9741,1.97455,1.08,1.38
2014.03.06 18:48:13.381,1.97409,1.97464,1.88,1.38
2014.03.06 18:48:13.972,1.97415,1.97468,1.00,1.20
2014.03.06 18:48:14.073,1.97415,1.97471,1.75,1.13
2014.03.06 18:48:14.174,1.97417,1.97477,1.20,1.55
2014.03.06 18:48:19.586,1.97426,1.97481,1.13,1.13
2014.03.06 18:48:19.691,1.97435,1.97492,1.15,1.53
2014.03.06 18:48:19.792,1.97438,1.97492,1.13,1.08
2014.03.06 18:48:19.969,1.97438,1.97501,1.20,1.28
2014.03.06 18:48:24.931,1.97445,1.97504,1.48,1.20
2014.03.06 18:48:25.183,1.97449,1.97515,1.20,2.33
2014.03.06 18:48:27.450,1.97448,1.97515,1.20,1.95
2014.03.06 18:48:27.601,1.97448,1.97504,1.08,1.53
2014.03.06 18:48:27.702,1.97448,1.97498,1.00,1.20
2014.03.06 18:48:27.853,1.97434,1.97494,1.20,1.53
2014.03.06 18:48:27.904,1.97434,1.97494,1.20,1.53
2014.03.06 18:48:28.005,1.97428,1.97493,1.53,1.20
2014.03.06 18:48:28.110,1.97428,1.97493,1.53,1.20
2014.03.06 18:48:28.653,1.97428,1.97493,1.53,1.20
2014.03.06 18:48:29.970,1.97428,1.97493,1.15,1.20
2014.03.06 18:48:30.273,1.97434,1.97494,1.50,1.48
2014.03.06 18:48:31.510,1.97434,1.97494,1.50,1.48
2014.03.06 18:48:32.943,1.97435,1.97501,1.83,1.20
2014.03.06 18:48:33.375,1.97438,1.97491,1.00,1.20
2014.03.06 18:48:36.381,1.97446,1.97491,1.00,1.20
2014.03.06 18:48:36.601,1.97438,1.97491,1.00,1.20
2014.03.06 18:48:38.768,1.97446,1.97491,1.00,1.20
2014.03.06 18:48:53.703,1.97446,1.97493,1.00,1.20
2014.03.06 18:48:57.350,1.97438,1.97493,1.00,1.20
2014.03.06 18:48:58.129,1.97437,1.97493,1.38,1.20
2014.03.06 18:48:58.230,1.97437,1.97499,1.65,1.20
2014.03.06 18:48:58.382,1.97438,1.975,1.53,1.50
2014.03.06 18:48:58.634,1.97448,1.97505,1.00,1.20
2014.03.06 18:49:14.069,1.97456,1.97505,1.00,1.20
2014.03.06 18:49:17.597,1.97448,1.97505,1.00,1.20
2014.03.06 18:49:17.647,1.97446,1.97505,1.10,1.20
2014.03.06 18:49:20.492,1.97438,1.97496,1.00,1.20
2014.03.06 18:49:24.189,1.97445,1.97496,1.00,1.20
2014.03.06 18:49:24.861,1.97438,1.97496,1.00,1.20
2014.03.06 18:49:24.911,1.97435,1.97496,1.15,1.20
2014.03.06 18:49:25.214,1.97437,1.97492,1.00,1.20
2014.03.06 18:49:29.950,1.97438,1.97492,1.00,1.20
2014.03.06 18:49:30.000,1.97438,1.97494,1.38,1.50
2014.03.06 18:49:30.101,1.97438,1.97494,1.13,1.50
2014.03.06 18:49:30.463,1.97437,1.97494,1.38,1.50
2014.03.06 18:49:37.076,1.97437,1.975,1.55,1.50
2014.03.06 18:49:37.177,1.97437,1.975,1.55,1.50
2014.03.06 18:49:40.869,1.97437,1.97498,1.55,1.20
2014.03.06 18:49:51.680,1.97437,1.97485,1.38,1.50
2014.03.06 18:49:51.780,1.97437,1.97493,1.38,1.20
2014.03.06 18:50:00.319,1.97438,1.97493,1.38,1.20
2014.03.06 18:50:00.420,1.97437,1.97493,1.13,1.20
2014.03.06 18:50:00.649,1.97438,1.97493,1.38,1.20
2014.03.06 18:50:01.168,1.97437,1.97493,1.38,1.20
2014.03.06 18:50:12.797,1.97437,1.97492,1.38,1.20
2014.03.06 18:50:26.581,1.97437,1.97492,1.38,1.20
2014.03.06 18:50:28.496,1.97437,1.97493,1.38,1.20
2014.03.06 18:50:28.826,1.97437,1.97494,1.38,1.50
2014.03.06 18:50:33.072,1.97437,1.97497,1.48,1.88
2014.03.06 18:50:41.429,1.97437,1.97496,1.48,1.20
2014.03.06 18:50:43.739,1.97437,1.97497,1.48,1.50
2014.03.06 18:50:53.437,1.97437,1.97497,1.48,1.50
2014.03.06 18:50:55.651,1.97437,1.97501,1.95,1.20
2014.03.06 18:50:55.845,1.97437,1.97498,1.48,1.50
2014.03.06 18:51:06.545,1.97435,1.97498,1.55,1.88
2014.03.06 18:51:06.901,1.97438,1.97496,1.38,1.20
2014.03.06 18:51:07.453,1.97435,1.97496,1.55,1.20
2014.03.06 18:51:07.638,1.97435,1.97496,1.55,1.20
2014.03.06 18:51:10.625,1.97435,1.97488,1.38,1.20
2014.03.06 18:51:14.818,1.97435,1.97491,1.45,1.20
2014.03.06 18:51:14.934,1.97435,1.97495,1.55,1.20
2014.03.06 18:51:18.528,1.97435,1.97495,1.55,1.20
2014.03.06 18:51:20.178,1.97435,1.97495,1.55,1.20
2014.03.06 18:51:23.469,1.97445,1.97495,1.00,1.20
2014.03.06 18:51:24.176,1.97436,1.97495,1.45,1.20
2014.03.06 18:51:26.359,1.97446,1.97495,1.00,1.20
2014.03.06 18:51:26.967,1.97446,1.97498,1.38,1.50
2014.03.06 18:51:27.148,1.97436,1.97495,1.45,1.20
2014.03.06 18:51:34.977,1.97436,1.97498,1.88,1.20
2014.03.06 18:51:35.219,1.97436,1.975,1.95,1.20
2014.03.06 18:51:40.078,1.97446,1.975,1.00,1.20
2014.03.06 18:51:43.169,1.97446,1.97506,1.08,1.20
2014.03.06 18:51:45.574,1.97446,1.975,1.00,1.13
2014.03.06 18:51:45.625,1.97446,1.975,1.00,1.13
2014.03.06 18:51:45.928,1.97436,1.97494,1.45,1.20
2014.03.06 18:51:45.978,1.97436,1.97494,1.08,1.20
2014.03.06 18:51:46.079,1.97436,1.97494,1.08,1.20
2014.03.06 18:51:46.130,1.97446,1.97489,1.00,1.45
2014.03.06 18:51:46.281,1.97446,1.97495,1.00,1.20
2014.03.06 18:51:46.332,1.97446,1.975,1.00,1.20
2014.03.06 18:51:46.483,1.97446,1.97501,1.38,1.20
2014.03.06 18:51:46.781,1.97446,1.97509,1.53,1.20
2014.03.06 18:51:47.282,1.97446,1.97509,1.53,1.20
2014.03.06 18:51:47.786,1.97446,1.97509,1.53,1.20
2014.03.06 18:51:47.887,1.97446,1.97504,1.38,1.20
2014.03.06 18:51:48.272,1.97446,1.97504,1.38,1.20
2014.03.06 18:51:49.020,1.97446,1.97505,1.45,1.20
2014.03.06 18:51:49.071,1.97446,1.97511,1.53,1.20
2014.03.06 18:51:49.121,1.97446,1.97511,1.53,1.20
2014.03.06 18:51:53.091,1.97456,1.97507,1.38,1.15
2014.03.06 18:51:53.444,1.97456,1.97517,1.53,1.20
2014.03.06 18:52:04.320,1.97466,1.97517,1.00,1.20
2014.03.06 18:52:10.329,1.97455,1.97517,1.53,1.20
2014.03.06 18:52:16.337,1.97466,1.97516,1.00,1.20
2014.03.06 18:52:21.950,1.97455,1.97516,1.55,1.20
2014.03.06 18:52:23.657,1.97455,1.97516,1.55,1.20
2014.03.06 18:52:24.004,1.97466,1.97516,1.38,1.08
2014.03.06 18:52:24.055,1.97466,1.97522,1.38,1.20
2014.03.06 18:52:24.257,1.97466,1.97528,1.53,1.20
2014.03.06 18:52:24.358,1.97466,1.97528,1.53,1.20
2014.03.06 18:52:24.661,1.97466,1.97528,1.53,1.20
2014.03.06 18:52:24.877,1.97466,1.97528,1.53,1.20
2014.03.06 18:52:25.757,1.97466,1.97528,1.53,1.20
2014.03.06 18:52:25.867,1.97466,1.97528,1.53,1.20
2014.03.06 18:52:26.407,1.97466,1.97528,1.53,1.20
2014.03.06 18:52:26.967,1.97466,1.97528,1.53,1.20
2014.03.06 18:52:29.057,1.97466,1.97528,1.53,1.20
2014.03.06 18:52:35.497,1.97462,1.97526,1.13,1.20
2014.03.06 18:52:35.800,1.97465,1.97515,1.38,1.50
2014.03.06 18:52:35.901,1.97455,1.97515,1.38,1.50
2014.03.06 18:52:36.471,1.97455,1.97515,1.38,1.88
2014.03.06 18:52:36.647,1.97455,1.97512,1.38,1.20
2014.03.06 18:52:37.049,1.97448,1.97509,1.38,1.50
2014.03.06 18:52:37.439,1.97448,1.97508,1.38,1.20
2014.03.06 18:52:37.640,1.97448,1.97508,1.38,1.20
2014.03.06 18:52:41.157,1.97448,1.97507,1.38,1.20
2014.03.06 18:52:41.258,1.97448,1.97507,1.38,1.88
2014.03.06 18:52:41.630,1.97448,1.97504,1.38,1.50
2014.03.06 18:52:44.322,1.97466,1.97504,1.00,1.50
2014.03.06 18:52:51.612,1.97456,1.97503,1.00,1.20
2014.03.06 18:52:53.208,1.97456,1.97503,1.00,1.20
2014.03.06 18:52:55.387,1.97445,1.97497,1.38,1.50
2014.03.06 18:53:00.728,1.97445,1.97497,1.38,1.50
2014.03.06 18:53:00.980,1.97436,1.97488,1.38,1.50
2014.03.06 18:53:01.082,1.97436,1.97484,1.38,1.50
2014.03.06 18:53:01.197,1.97436,1.97484,1.38,1.50
2014.03.06 18:53:05.446,1.97436,1.9749,1.38,1.20
2014.03.06 18:53:05.707,1.97437,1.97491,1.38,1.50
2014.03.06 18:53:07.609,1.97445,1.97496,1.38,1.50
2014.03.06 18:53:07.660,1.97445,1.97499,1.38,1.88
2014.03.06 18:53:07.711,1.97445,1.975,1.48,1.20
2014.03.06 18:53:08.014,1.97447,1.97495,1.38,2.25
2014.03.06 18:53:08.064,1.97447,1.97495,1.38,1.50
2014.03.06 18:53:08.166,1.97438,1.97493,1.38,1.20
2014.03.06 18:53:08.267,1.97438,1.97493,1.13,1.20
2014.03.06 18:53:10.815,1.97427,1.97493,1.95,1.20
2014.03.06 18:53:10.916,1.97427,1.97493,1.95,1.20
2014.03.06 18:53:11.262,1.97428,1.97493,1.53,1.20
2014.03.06 18:53:12.000,1.97428,1.97493,1.53,1.20
2014.03.06 18:53:12.882,1.97435,1.97493,1.38,1.20
2014.03.06 18:53:12.983,1.97435,1.97501,1.95,1.58
2014.03.06 18:53:13.197,1.97437,1.97501,1.53,1.20
2014.03.06 18:53:13.452,1.97437,1.97501,1.53,1.20
2014.03.06 18:53:13.851,1.97437,1.97501,1.53,1.20
2014.03.06 18:53:14.396,1.97435,1.97501,1.95,1.20
2014.03.06 18:53:14.719,1.97446,1.97501,1.38,1.20
2014.03.06 18:53:14.971,1.97446,1.97508,1.53,1.20
2014.03.06 18:53:17.000,1.97446,1.975,1.38,1.20
2014.03.06 18:53:18.236,1.97446,1.97497,1.38,1.88
2014.03.06 18:53:18.438,1.97438,1.97496,1.38,1.58
2014.03.06 18:53:18.973,1.97435,1.97496,1.53,1.50
2014.03.06 18:53:19.023,1.97436,1.97502,1.20,1.58
2014.03.06 18:53:21.126,1.97436,1.97502,1.20,1.58
2014.03.06 18:53:21.176,1.97446,1.97502,1.00,1.58
2014.03.06 18:53:21.702,1.97446,1.97502,1.38,1.20
2014.03.06 18:53:22.165,1.97456,1.97507,1.00,1.58
2014.03.06 18:53:22.266,1.97456,1.97507,1.00,1.58
2014.03.06 18:53:22.602,1.97466,1.97515,1.00,1.58
2014.03.06 18:53:22.702,1.97466,1.97509,1.00,1.20
2014.03.06 18:53:25.895,1.97455,1.97509,1.38,1.20
2014.03.06 18:53:26.528,1.97455,1.97509,1.00,1.20
2014.03.06 18:53:27.042,1.97455,1.97502,1.00,1.20
2014.03.06 18:53:27.904,1.97465,1.97502,1.00,1.20
2014.03.06 18:53:28.106,1.97456,1.97509,1.00,1.20
2014.03.06 18:53:28.631,1.97455,1.97512,1.38,1.58
2014.03.06 18:53:30.735,1.97455,1.97507,1.38,1.50
2014.03.06 18:53:30.836,1.97455,1.97511,1.48,1.53
2014.03.06 18:53:31.046,1.97466,1.97514,1.00,1.20
2014.03.06 18:53:36.979,1.97466,1.97514,1.00,1.20
2014.03.06 18:53:37.459,1.97466,1.97522,1.13,1.20
2014.03.06 18:53:38.758,1.97466,1.97522,1.00,1.20
2014.03.06 18:53:45.666,1.97466,1.97517,1.00,1.20
2014.03.06 18:53:46.117,1.97457,1.97517,1.20,1.20
2014.03.06 18:53:46.273,1.97457,1.97509,1.13,1.20
2014.03.06 18:53:46.607,1.97455,1.97506,1.38,1.50
2014.03.06 18:53:46.658,1.97455,1.97504,1.00,1.20
2014.03.06 18:53:46.775,1.97445,1.97504,1.48,1.20
2014.03.06 18:53:46.876,1.97445,1.97504,1.48,1.20
2014.03.06 18:53:48.097,1.97455,1.97504,1.00,1.20
2014.03.06 18:53:48.650,1.97456,1.97504,1.00,1.20
2014.03.06 18:53:49.243,1.97456,1.97504,1.00,1.20
2014.03.06 18:53:49.848,1.97456,1.97504,1.00,1.20
2014.03.06 18:53:50.636,1.97438,1.97504,1.20,2.33
2014.03.06 18:53:50.737,1.97438,1.97504,1.95,2.33
2014.03.06 18:53:52.867,1.97446,1.97504,1.00,1.20
2014.03.06 18:53:53.092,1.97446,1.9751,1.28,1.20
2014.03.06 18:53:53.193,1.97446,1.9751,1.53,1.20
2014.03.06 18:53:53.513,1.97447,1.97506,1.38,1.50
2014.03.06 18:53:54.415,1.97446,1.97504,1.13,1.95
2014.03.06 18:53:54.636,1.97438,1.97504,1.20,1.20
2014.03.06 18:53:54.787,1.97435,1.97497,1.53,1.20
2014.03.06 18:54:00.645,1.97435,1.97497,1.53,1.20
2014.03.06 18:54:00.993,1.97435,1.97493,1.08,1.20
2014.03.06 18:54:01.043,1.97427,1.9749,1.53,1.20
2014.03.06 18:54:01.245,1.97426,1.97485,1.10,1.20
2014.03.06 18:54:02.006,1.97426,1.97492,1.58,1.58
2014.03.06 18:54:02.316,1.97436,1.97499,1.15,1.20
2014.03.06 18:54:02.822,1.97445,1.97499,1.00,1.20
2014.03.06 18:54:02.932,1.97445,1.97505,1.48,1.20
2014.03.06 18:54:03.184,1.97445,1.97505,1.48,1.20
2014.03.06 18:54:16.751,1.97445,1.97505,1.48,1.20
2014.03.06 18:54:17.750,1.97445,1.97505,1.48,1.20
2014.03.06 18:54:23.004,1.97445,1.97506,1.53,1.20
2014.03.06 18:54:24.149,1.97466,1.97506,1.00,1.20
2014.03.06 18:54:24.355,1.97446,1.97506,1.18,1.20
2014.03.06 18:54:24.557,1.97446,1.97498,1.08,1.13
2014.03.06 18:54:24.961,1.97465,1.97509,1.00,1.58
2014.03.06 18:54:25.569,1.97446,1.97509,1.15,1.58
2014.03.06 18:54:25.721,1.97455,1.97509,1.00,1.58
2014.03.06 18:54:34.805,1.97446,1.97507,1.15,1.58
2014.03.06 18:54:51.181,1.97446,1.97507,1.15,1.20
2014.03.06 18:54:52.707,1.97446,1.97509,1.15,1.88
2014.03.06 18:55:06.206,1.97446,1.97502,1.00,1.20
2014.03.06 18:55:12.846,1.97456,1.97502,1.00,1.20
2014.03.06 18:55:16.777,1.97456,1.97508,1.00,1.20
2014.03.06 18:55:19.986,1.97456,1.97513,1.58,1.20
2014.03.06 18:55:20.137,1.97465,1.97513,1.00,1.20
2014.03.06 18:55:20.238,1.97465,1.97525,1.55,1.65
2014.03.06 18:55:20.955,1.97459,1.97524,1.20,1.53
2014.03.06 18:55:21.207,1.97458,1.9752,1.55,1.20
2014.03.06 18:55:21.409,1.97455,1.9752,1.15,1.20
2014.03.06 18:55:21.725,1.97455,1.9752,1.15,1.20
2014.03.06 18:55:41.176,1.97453,1.97514,1.50,1.45
2014.03.06 18:55:41.874,1.97454,1.97514,1.50,1.48
2014.03.06 18:55:43.374,1.97454,1.97514,1.50,1.48
2014.03.06 18:55:50.442,1.97457,1.97521,1.83,1.13
2014.03.06 18:55:50.957,1.97459,1.97526,1.50,1.58
2014.03.06 18:55:51.088,1.97459,1.97526,1.50,1.58
2014.03.06 18:55:52.330,1.97459,1.97515,1.50,1.00
2014.03.06 18:55:53.075,1.97459,1.97526,1.50,1.58
2014.03.06 18:55:58.603,1.97459,1.97526,1.88,1.20
2014.03.06 18:56:00.252,1.97459,1.97526,1.50,1.20
2014.03.06 18:56:03.641,1.97459,1.97524,1.50,1.53
2014.03.06 18:56:09.354,1.97459,1.97524,1.50,1.53
2014.03.06 18:56:10.779,1.97459,1.97524,1.50,1.53
2014.03.06 18:56:14.234,1.97461,1.97524,1.20,1.53
2014.03.06 18:56:14.567,1.97461,1.97524,1.20,1.15
2014.03.06 18:56:15.433,1.97461,1.97524,1.20,1.53
2014.03.06 18:56:15.635,1.97461,1.97524,1.20,1.15
2014.03.06 18:56:16.397,1.97461,1.97524,1.20,1.53
2014.03.06 18:56:23.103,1.97461,1.97524,1.20,1.15
2014.03.06 18:56:23.433,1.97461,1.97524,1.20,1.15
2014.03.06 18:56:24.314,1.97476,1.97526,1.00,1.20
2014.03.06 18:56:24.884,1.97461,1.97525,1.20,1.95
2014.03.06 18:56:26.843,1.97475,1.97525,1.00,1.20
2014.03.06 18:56:29.180,1.97465,1.97525,1.53,1.20
2014.03.06 18:56:30.584,1.97475,1.97525,1.00,1.20
2014.03.06 18:56:31.295,1.97475,1.97527,1.00,1.20
2014.03.06 18:56:36.194,1.97475,1.97527,1.00,1.20
2014.03.06 18:56:36.831,1.97475,1.97521,1.00,1.20
2014.03.06 18:56:37.229,1.97475,1.97519,1.00,1.20
2014.03.06 18:56:37.644,1.97485,1.97528,1.00,1.83
2014.03.06 18:56:37.695,1.97485,1.97528,1.00,1.15
2014.03.06 18:56:38.216,1.97485,1.97542,1.00,1.28
2014.03.06 18:56:38.435,1.97496,1.97543,1.00,1.28
2014.03.06 18:56:38.636,1.97496,1.97545,1.00,1.20
2014.03.06 18:56:38.948,1.97496,1.9755,1.00,1.92
2014.03.06 18:56:39.275,1.97506,1.9755,1.00,1.92
2014.03.06 18:56:40.063,1.97506,1.9755,1.00,1.92
2014.03.06 18:56:40.260,1.97486,1.97544,1.58,1.45
2014.03.06 18:56:40.375,1.97486,1.97544,1.58,1.45
2014.03.06 18:56:40.802,1.97486,1.97544,1.15,1.45
2014.03.06 18:56:40.903,1.97486,1.97545,1.08,1.92
2014.03.06 18:56:40.953,1.97486,1.97545,1.08,1.92
2014.03.06 18:56:41.844,1.97477,1.97544,1.50,1.87
2014.03.06 18:56:42.053,1.97477,1.97523,1.50,1.84
2014.03.06 18:56:42.155,1.97473,1.97523,1.75,1.92
2014.03.06 18:56:42.256,1.97465,1.97517,1.18,1.84
2014.03.06 18:56:42.356,1.97476,1.97516,1.00,1.84
2014.03.06 18:56:42.407,1.97476,1.97522,1.00,1.58
2014.03.06 18:56:42.508,1.97476,1.97527,1.08,1.13
2014.03.06 18:56:42.558,1.97476,1.97535,1.15,1.17
2014.03.06 18:56:42.609,1.97476,1.97535,1.15,1.17
2014.03.06 18:56:42.813,1.97476,1.97535,1.15,1.17
2014.03.06 18:56:43.682,1.97486,1.97539,1.00,1.47
2014.03.06 18:56:43.940,1.97485,1.97541,1.38,1.95
2014.03.06 18:56:44.091,1.97496,1.97541,1.00,1.20
2014.03.06 18:56:44.416,1.97505,1.97543,1.00,1.88
2014.03.06 18:56:44.542,1.97485,1.97543,1.38,1.88
2014.03.06 18:56:45.683,1.97485,1.97545,1.53,1.53
2014.03.06 18:56:48.392,1.97505,1.97546,1.00,1.58
2014.03.06 18:56:50.685,1.97485,1.97545,1.45,1.65
2014.03.06 18:56:51.192,1.97485,1.97545,1.53,1.65
2014.03.06 18:56:52.662,1.97505,1.97546,1.00,1.58
2014.03.06 18:56:52.884,1.97496,1.97546,1.00,1.58
2014.03.06 18:56:54.315,1.97506,1.97546,1.00,1.58
2014.03.06 18:56:54.863,1.97485,1.97545,1.53,1.65
2014.03.06 18:57:02.783,1.97505,1.97546,1.00,1.58
2014.03.06 18:57:05.775,1.97505,1.97548,1.00,1.24
2014.03.06 18:57:09.714,1.97485,1.97545,1.53,1.53
2014.03.06 18:57:10.240,1.97485,1.97545,1.45,1.53
2014.03.06 18:57:11.086,1.97485,1.97545,1.53,1.53
2014.03.06 18:57:13.050,1.97495,1.97548,1.00,1.24
2014.03.06 18:57:13.673,1.97495,1.97548,1.00,1.24
2014.03.06 18:57:13.976,1.97495,1.97538,1.00,1.24
2014.03.06 18:57:17.853,1.97495,1.97538,1.00,1.24
2014.03.06 18:57:18.204,1.97475,1.97531,1.55,1.49
2014.03.06 18:57:18.305,1.97475,1.97529,1.55,1.13
2014.03.06 18:57:18.355,1.97495,1.97529,1.00,1.13
2014.03.06 18:57:18.562,1.97485,1.97529,1.00,1.13
2014.03.06 18:57:18.613,1.97485,1.97531,1.00,1.24
2014.03.06 18:57:18.714,1.97475,1.97531,1.55,1.24
2014.03.06 18:57:23.673,1.9747,1.97525,1.20,1.38
2014.03.06 18:57:28.210,1.97468,1.97525,1.20,1.45
2014.03.06 18:57:28.261,1.97465,1.97525,1.53,1.53
2014.03.06 18:57:39.058,1.97465,1.97521,1.38,1.24
2014.03.06 18:57:39.362,1.97456,1.97515,1.20,1.82
2014.03.06 18:57:39.513,1.97456,1.97512,1.20,1.09
2014.03.06 18:57:40.932,1.97456,1.97512,1.20,1.09
2014.03.06 18:57:41.033,1.97455,1.97512,1.48,1.24
2014.03.06 18:57:41.084,1.97455,1.97512,1.20,1.24
2014.03.06 18:57:41.185,1.97448,1.97504,1.20,1.38
2014.03.06 18:57:41.386,1.97456,1.97506,1.38,1.00
2014.03.06 18:57:41.487,1.97456,1.9751,1.00,1.24
2014.03.06 18:57:41.922,1.97456,1.9751,1.00,1.24
2014.03.06 18:57:42.060,1.97456,1.9751,1.38,1.24
2014.03.06 18:57:42.161,1.97456,1.97514,1.38,2.29
2014.03.06 18:57:42.362,1.97456,1.97514,1.53,1.89
2014.03.06 18:57:44.082,1.97465,1.97515,1.00,1.24
2014.03.06 18:57:44.334,1.97465,1.97521,1.08,1.24
2014.03.06 18:57:45.673,1.97459,1.97514,1.20,1.38
2014.03.06 18:57:47.972,1.97459,1.97514,1.20,1.38
2014.03.06 18:57:48.124,1.97456,1.97514,1.53,1.87
2014.03.06 18:57:48.174,1.97456,1.97507,1.45,1.43
2014.03.06 18:57:48.225,1.97456,1.97507,1.00,1.24
2014.03.06 18:57:48.377,1.97465,1.97504,1.00,1.88
2014.03.06 18:57:48.680,1.97446,1.97498,1.38,1.50
2014.03.06 18:57:48.846,1.97446,1.97492,1.00,1.88
2014.03.06 18:57:56.072,1.97436,1.97491,1.38,1.20
2014.03.06 18:57:56.123,1.97436,1.9749,1.00,1.20
2014.03.06 18:57:56.324,1.97446,1.9749,1.00,1.20
2014.03.06 18:58:01.050,1.97435,1.97492,1.38,1.50
2014.03.06 18:58:01.352,1.97446,1.97491,1.00,1.20
2014.03.06 18:58:03.118,1.97435,1.9749,1.38,1.50
2014.03.06 18:58:03.421,1.97418,1.97484,1.20,1.20
2014.03.06 18:58:03.743,1.97418,1.97485,1.20,2.63
2014.03.06 18:58:04.071,1.97425,1.97485,1.48,1.50
2014.03.06 18:58:04.172,1.97425,1.97485,1.48,1.88
2014.03.06 18:58:04.323,1.97436,1.97485,1.00,1.88
2014.03.06 18:58:04.575,1.97436,1.97492,1.00,1.50
2014.03.06 18:58:06.729,1.97436,1.97492,1.38,1.50
2014.03.06 18:58:08.390,1.97436,1.97492,1.00,1.50
2014.03.06 18:58:08.891,1.97436,1.97492,1.38,1.50
2014.03.06 18:58:10.456,1.97436,1.97492,1.13,1.50
2014.03.06 18:58:10.507,1.97436,1.97486,1.13,1.50
2014.03.06 18:58:10.912,1.97426,1.97486,1.48,1.50
2014.03.06 18:58:15.170,1.97425,1.97486,1.45,1.50
2014.03.06 18:58:15.221,1.97425,1.97489,1.88,1.50
2014.03.06 18:58:15.272,1.97425,1.97492,1.95,1.50
2014.03.06 18:58:15.322,1.97436,1.97492,1.00,1.50
2014.03.06 18:58:23.451,1.97436,1.97496,1.20,1.88
2014.03.06 18:58:23.507,1.97436,1.97496,1.20,1.20
2014.03.06 18:58:26.319,1.97446,1.97502,1.00,1.58
2014.03.06 18:58:26.642,1.97446,1.97502,1.38,1.20
2014.03.06 18:58:27.591,1.97446,1.97502,1.00,1.20
2014.03.06 18:58:27.721,1.97446,1.97496,1.00,1.08
2014.03.06 18:58:28.125,1.97446,1.97498,1.00,1.20
2014.03.06 18:58:28.176,1.97446,1.97501,1.00,1.20
2014.03.06 18:58:30.583,1.97437,1.97501,1.20,1.20
2014.03.06 18:58:39.426,1.97446,1.97501,1.00,1.20
2014.03.06 18:58:45.670,1.97437,1.97501,1.20,1.20
2014.03.06 18:58:45.922,1.97436,1.97494,1.08,1.20
2014.03.06 18:58:46.073,1.97436,1.97488,1.00,1.20
2014.03.06 18:58:48.403,1.97426,1.97488,1.53,1.20
2014.03.06 18:58:50.422,1.97425,1.97488,1.53,1.20
2014.03.06 18:58:52.911,1.97425,1.97488,1.53,1.20
2014.03.06 18:59:05.831,1.97424,1.97485,1.20,1.53
2014.03.06 18:59:06.825,1.9742,1.97485,1.20,1.53
2014.03.06 18:59:13.810,1.9742,1.97474,1.20,1.00
2014.03.06 18:59:15.790,1.9742,1.97485,1.20,1.53
2014.03.06 18:59:17.007,1.9742,1.97474,1.20,1.00
2014.03.06 18:59:17.352,1.9742,1.97465,1.20,1.00
2014.03.06 18:59:17.402,1.97411,1.97465,1.65,1.00
2014.03.06 18:59:17.453,1.97409,1.97465,1.58,1.13
2014.03.06 18:59:17.554,1.97409,1.97465,1.45,1.20
2014.03.06 18:59:17.806,1.97405,1.97465,1.53,1.53
2014.03.06 18:59:18.917,1.97408,1.97468,1.53,1.20
2014.03.06 18:59:19.068,1.9741,1.97474,1.20,1.20
2014.03.06 18:59:22.842,1.97408,1.97474,1.83,1.20
2014.03.06 18:59:22.993,1.97407,1.97474,1.50,1.20
2014.03.06 18:59:23.044,1.97403,1.97469,1.58,1.20
2014.03.06 18:59:30.828,1.97397,1.97463,1.20,1.20
2014.03.06 18:59:31.131,1.97392,1.97458,1.20,1.20
2014.03.06 18:59:31.849,1.97398,1.9746,1.88,1.20
2014.03.06 18:59:31.949,1.97398,1.97462,1.95,1.20
2014.03.06 18:59:33.385,1.97395,1.97462,1.95,1.20
2014.03.06 18:59:33.486,1.97395,1.97458,1.53,1.50
2014.03.06 18:59:35.191,1.97395,1.97458,1.53,1.50
2014.03.06 18:59:35.343,1.97397,1.97463,1.20,1.20
2014.03.06 18:59:35.508,1.97406,1.97465,1.13,1.88
2014.03.06 18:59:36.130,1.97405,1.97465,1.38,1.50
2014.03.06 18:59:36.332,1.97405,1.9747,1.53,1.20
2014.03.06 18:59:38.884,1.97405,1.97472,1.53,1.50
2014.03.06 18:59:39.100,1.97405,1.9747,1.53,1.20
2014.03.06 18:59:39.874,1.97403,1.97465,1.20,1.55
2014.03.06 18:59:39.975,1.97398,1.97464,1.58,1.20
2014.03.06 18:59:45.193,1.97398,1.97465,1.95,1.83
2014.03.06 18:59:46.280,1.97398,1.97458,1.95,1.92
2014.03.06 18:59:46.630,1.97398,1.97434,1.20,1.00
2014.03.06 18:59:48.672,1.97398,1.97425,1.20,1.00
2014.03.06 18:59:48.924,1.97398,1.97434,1.20,1.00
2014.03.06 18:59:51.136,1.97398,1.97425,1.20,1.00
2014.03.06 18:59:51.287,1.9739,1.97425,1.50,1.00
2014.03.06 18:59:55.091,1.97391,1.97435,1.20,1.00
2014.03.06 18:59:55.494,1.97391,1.97425,1.20,1.00
2014.03.06 18:59:56.890,1.97391,1.97434,1.20,1.00
2014.03.06 18:59:57.343,1.97384,1.97434,1.20,1.00
2014.03.06 18:59:59.312,1.97385,1.97445,1.53,1.55
2014.03.06 18:59:59.741,1.97385,1.97445,1.53,1.93
