2012.05.08 21:00:00.144,2.05055,2.05155,0.75,0.75
2012.05.08 21:00:00.381,2.05045,2.05145,0.75,0.75
2012.05.08 21:00:01.029,2.05046,2.05144,0.75,0.75
2012.05.08 21:00:04.568,2.05055,2.05155,1.00,1.00
2012.05.08 21:00:04.686,2.05045,2.05145,1.00,1.00
2012.05.08 21:00:05.904,2.05055,2.05155,1.00,1.00
2012.05.08 21:00:17.598,2.05046,2.05144,1.00,1.00
2012.05.08 21:00:19.477,2.05056,2.05154,1.00,1.00
2012.05.08 21:00:20.687,2.05045,2.05145,1.00,1.00
2012.05.08 21:00:28.284,2.05036,2.05134,1.00,1.00
2012.05.08 21:00:33.288,2.05046,2.05144,1.00,1.00
2012.05.08 21:00:39.092,2.05036,2.05134,1.00,1.00
2012.05.08 21:00:39.958,2.05046,2.05144,1.00,1.00
2012.05.08 21:00:57.914,2.05035,2.05135,1.00,1.00
2012.05.08 21:01:43.109,2.04875,2.05025,1.00,1.00
2012.05.08 21:01:43.826,2.04855,2.05005,1.00,1.00
2012.05.08 21:03:32.886,2.05076,2.05224,1.00,1.00
2012.05.08 21:03:35.196,2.05126,2.05254,1.00,1.00
2012.05.08 21:03:36.367,2.05116,2.05254,1.00,1.00
2012.05.08 21:04:38.887,2.05146,2.05264,0.75,0.75
2012.05.08 21:04:39.197,2.05136,2.05254,0.75,0.75
2012.05.08 21:04:39.560,2.05176,2.05294,0.75,0.75
2012.05.08 21:04:41.478,2.05176,2.05292,0.75,1.13
2012.05.08 21:04:50.416,2.05136,2.05254,0.75,0.75
2012.05.08 21:04:50.938,2.05105,2.05245,1.00,1.00
2012.05.08 21:04:56.656,2.05146,2.05284,1.00,1.00
2012.05.08 21:05:02.978,2.05126,2.05244,0.75,0.75
2012.05.08 21:05:05.689,2.05135,2.05237,0.75,1.13
2012.05.08 21:05:06.110,2.05085,2.05232,0.75,1.13
2012.05.08 21:05:20.698,2.05135,2.05275,0.75,0.75
2012.05.08 21:05:22.888,2.05134,2.05224,1.13,0.75
2012.05.08 21:05:23.008,2.05106,2.05224,0.75,0.75
2012.05.08 21:05:24.458,2.05125,2.05245,0.75,1.88
2012.05.08 21:05:25.168,2.05125,2.05258,0.75,1.13
2012.05.08 21:05:25.368,2.05134,2.05265,1.13,0.75
2012.05.08 21:05:25.990,2.05134,2.05255,1.13,0.75
2012.05.08 21:05:27.162,2.05134,2.05264,1.13,0.75
2012.05.08 21:05:28.803,2.05134,2.05255,1.13,0.75
2012.05.08 21:05:34.858,2.05128,2.05234,1.13,0.75
2012.05.08 21:05:39.805,2.05136,2.05254,0.75,0.75
2012.05.08 21:05:40.850,2.05128,2.05235,1.13,0.75
2012.05.08 21:05:42.998,2.05145,2.05265,0.75,0.75
2012.05.08 21:05:43.679,2.05135,2.05245,0.75,0.75
2012.05.08 21:05:53.675,2.05141,2.05245,1.13,0.75
2012.05.08 21:06:00.332,2.05146,2.05246,0.75,1.13
2012.05.08 21:06:03.582,2.05141,2.05245,1.13,0.75
2012.05.08 21:06:07.239,2.05145,2.05246,0.75,1.13
2012.05.08 21:06:09.415,2.05141,2.05234,1.13,0.75
2012.05.08 21:06:13.001,2.05126,2.05234,0.75,0.75
2012.05.08 21:06:14.209,2.0515,2.05234,0.75,0.75
2012.05.08 21:06:16.731,2.05149,2.05234,0.75,0.75
2012.05.08 21:06:32.949,2.05134,2.05234,0.75,0.75
2012.05.08 21:06:45.203,2.05134,2.05225,0.75,0.75
2012.05.08 21:06:45.587,2.05134,2.05204,0.75,0.75
2012.05.08 21:06:45.711,2.05124,2.05204,0.75,0.75
2012.05.08 21:06:46.985,2.05124,2.05214,0.75,0.75
2012.05.08 21:06:47.144,2.05124,2.05204,0.75,0.75
2012.05.08 21:06:49.673,2.05124,2.05215,0.75,0.75
2012.05.08 21:06:49.791,2.05129,2.05215,0.75,0.75
2012.05.08 21:06:52.612,2.05129,2.05231,0.75,0.75
2012.05.08 21:06:52.671,2.0513,2.05215,0.75,0.75
2012.05.08 21:07:02.577,2.0513,2.0523,0.75,0.75
2012.05.08 21:07:02.761,2.05149,2.05235,0.75,0.75
2012.05.08 21:07:05.261,2.05165,2.05235,0.75,0.75
2012.05.08 21:07:06.152,2.0515,2.05235,0.75,0.75
2012.05.08 21:07:23.485,2.0515,2.05214,0.75,0.75
2012.05.08 21:07:23.972,2.05131,2.05214,1.13,0.75
2012.05.08 21:07:24.092,2.05106,2.05214,0.75,0.75
2012.05.08 21:07:24.193,2.05074,2.05154,1.13,0.75
2012.05.08 21:07:24.474,2.05065,2.05154,1.05,0.75
2012.05.08 21:07:24.543,2.05075,2.05204,1.13,0.75
2012.05.08 21:07:24.676,2.05064,2.05164,0.75,1.13
2012.05.08 21:07:24.802,2.05059,2.05161,0.75,0.75
2012.05.08 21:07:24.862,2.05059,2.05133,0.75,1.13
2012.05.08 21:07:25.367,2.05086,2.05133,0.75,1.13
2012.05.08 21:07:25.568,2.05075,2.05133,0.75,1.13
2012.05.08 21:07:25.692,2.05085,2.05133,0.75,1.13
2012.05.08 21:07:25.953,2.05066,2.05127,0.75,1.13
2012.05.08 21:07:26.071,2.05066,2.0513,0.75,1.13
2012.05.08 21:07:26.134,2.05045,2.0513,0.75,1.13
2012.05.08 21:07:26.195,2.05045,2.05118,0.75,1.13
2012.05.08 21:07:30.629,2.05035,2.05118,0.75,1.13
2012.05.08 21:07:34.984,2.05045,2.05118,0.75,1.13
2012.05.08 21:07:35.236,2.05036,2.05118,0.75,1.13
2012.05.08 21:07:36.574,2.05046,2.05118,0.75,1.13
2012.05.08 21:08:03.380,2.05046,2.0513,0.75,1.13
2012.05.08 21:08:03.441,2.05046,2.05125,0.75,0.75
2012.05.08 21:08:03.802,2.05056,2.05125,0.75,0.75
2012.05.08 21:08:12.750,2.05056,2.05126,0.75,0.75
2012.05.08 21:08:14.106,2.05046,2.05126,0.75,0.75
2012.05.08 21:08:14.172,2.05046,2.0513,0.75,1.13
2012.05.08 21:08:14.351,2.05035,2.0513,0.75,1.13
2012.05.08 21:08:14.412,2.05035,2.05118,0.75,1.13
2012.05.08 21:08:14.784,2.05035,2.05115,0.75,1.13
2012.05.08 21:08:19.632,2.05002,2.05084,0.24,0.75
2012.05.08 21:08:19.691,2.05002,2.05075,0.24,0.75
2012.05.08 21:08:19.751,2.04978,2.05075,0.24,0.75
2012.05.08 21:08:24.142,2.05006,2.05075,0.75,0.75
2012.05.08 21:08:24.203,2.05006,2.05079,0.75,1.13
2012.05.08 21:08:24.363,2.05006,2.05115,0.75,1.13
2012.05.08 21:08:30.884,2.05006,2.05092,0.75,1.13
2012.05.08 21:08:31.681,2.05016,2.05092,0.75,1.13
2012.05.08 21:08:39.661,2.05036,2.05092,0.75,1.13
2012.05.08 21:08:39.862,2.05036,2.05105,0.75,1.13
2012.05.08 21:08:50.425,2.05026,2.05105,0.75,1.13
2012.05.08 21:08:55.661,2.05026,2.05126,0.75,1.13
2012.05.08 21:08:58.681,2.05046,2.05126,0.75,1.13
2012.05.08 21:08:58.742,2.05046,2.05131,0.75,1.13
2012.05.08 21:09:58.736,2.05028,2.05131,0.24,1.13
2012.05.08 21:10:10.232,2.05055,2.05143,0.75,1.13
2012.05.08 21:10:10.640,2.05055,2.0515,0.75,1.13
2012.05.08 21:10:10.912,2.05056,2.05143,0.75,1.13
2012.05.08 21:10:17.331,2.05056,2.0515,0.75,1.13
2012.05.08 21:10:17.912,2.05066,2.0515,0.75,1.13
2012.05.08 21:10:18.093,2.05066,2.05157,0.75,1.13
2012.05.08 21:10:26.343,2.05066,2.05152,0.75,1.13
2012.05.08 21:10:38.454,2.05066,2.0515,0.75,1.13
2012.05.08 21:11:02.511,2.05066,2.05149,0.75,1.13
2012.05.08 21:11:05.193,2.05075,2.05149,0.75,1.13
2012.05.08 21:11:05.431,2.05065,2.05149,0.75,1.13
2012.05.08 21:11:05.675,2.05055,2.05149,0.75,1.13
2012.05.08 21:11:05.899,2.05066,2.05149,0.75,1.13
2012.05.08 21:11:47.142,2.05066,2.05146,0.75,1.13
2012.05.08 21:11:52.932,2.05066,2.05133,0.75,1.13
2012.05.08 21:11:53.748,2.05056,2.05133,0.75,1.13
2012.05.08 21:12:05.062,2.05065,2.05133,0.75,1.13
2012.05.08 21:12:05.252,2.05065,2.05139,0.75,1.13
2012.05.08 21:12:05.634,2.05075,2.05139,0.75,1.13
2012.05.08 21:12:10.684,2.05066,2.05139,0.75,1.13
2012.05.08 21:12:19.492,2.05085,2.05139,0.75,1.13
2012.05.08 21:12:19.551,2.05085,2.05165,0.75,1.13
2012.05.08 21:12:24.453,2.05085,2.05152,0.75,1.13
2012.05.08 21:12:24.511,2.05082,2.05152,0.24,1.13
2012.05.08 21:12:32.753,2.0507,2.05152,0.75,1.13
2012.05.08 21:12:33.371,2.05069,2.05152,0.99,1.13
2012.05.08 21:13:08.882,2.05069,2.05147,0.75,1.13
2012.05.08 21:13:12.911,2.0507,2.05147,0.75,1.13
2012.05.08 21:13:19.252,2.05066,2.05147,0.24,1.13
2012.05.08 21:13:19.323,2.05066,2.05122,0.24,1.13
2012.05.08 21:13:19.646,2.05045,2.05122,0.75,1.13
2012.05.08 21:13:24.553,2.05037,2.05122,0.24,1.13
2012.05.08 21:13:37.438,2.05066,2.05122,0.75,1.13
2012.05.08 21:13:43.924,2.05037,2.05122,0.24,1.13
2012.05.08 21:13:45.683,2.05056,2.05122,0.75,1.13
2012.05.08 21:13:48.372,2.05046,2.05122,0.75,1.13
2012.05.08 21:13:48.768,2.05037,2.05122,0.24,1.13
2012.05.08 21:13:51.913,2.05055,2.05122,0.75,1.13
2012.05.08 21:13:53.153,2.05046,2.05122,0.75,1.13
2012.05.08 21:13:53.463,2.05037,2.05122,0.24,1.13
2012.05.08 21:13:58.171,2.05037,2.0512,0.24,1.13
2012.05.08 21:14:00.381,2.05037,2.05155,0.24,0.75
2012.05.08 21:14:00.441,2.05066,2.05161,0.75,0.75
2012.05.08 21:14:00.835,2.05095,2.05172,0.24,1.13
2012.05.08 21:14:01.474,2.05089,2.0512,0.75,1.13
2012.05.08 21:14:01.533,2.05066,2.0512,0.75,1.13
2012.05.08 21:14:01.652,2.05076,2.0512,0.75,1.13
2012.05.08 21:14:04.281,2.05065,2.0512,0.75,1.13
2012.05.08 21:14:05.922,2.05076,2.0512,0.75,1.13
2012.05.08 21:14:08.321,2.05086,2.0512,0.75,1.13
2012.05.08 21:14:11.601,2.05086,2.05114,0.75,1.13
2012.05.08 21:14:12.112,2.05075,2.05114,0.75,1.13
2012.05.08 21:14:12.172,2.05075,2.05139,0.75,1.13
2012.05.08 21:14:12.693,2.05085,2.05139,0.75,1.13
2012.05.08 21:14:16.202,2.05066,2.05139,0.75,1.13
2012.05.08 21:14:16.593,2.05055,2.05113,0.75,1.13
2012.05.08 21:14:26.777,2.05065,2.05113,0.75,1.13
2012.05.08 21:14:27.302,2.05065,2.05127,0.75,1.13
2012.05.08 21:14:28.158,2.05046,2.05127,0.75,1.13
2012.05.08 21:14:32.881,2.05075,2.05127,0.75,1.13
2012.05.08 21:14:33.663,2.05065,2.05127,0.75,1.13
2012.05.08 21:14:38.205,2.05059,2.05127,0.75,1.13
2012.05.08 21:14:38.265,2.05059,2.0514,0.75,1.13
2012.05.08 21:14:42.762,2.0506,2.0514,0.75,1.13
2012.05.08 21:14:42.821,2.05063,2.0514,0.24,1.13
2012.05.08 21:14:43.631,2.05064,2.0514,0.24,1.13
2012.05.08 21:14:51.629,2.05064,2.05126,0.24,1.13
2012.05.08 21:14:52.833,2.0506,2.05126,0.75,1.13
2012.05.08 21:14:53.649,2.05059,2.05126,0.75,1.13
2012.05.08 21:14:58.781,2.0506,2.05126,0.75,1.13
2012.05.08 21:15:01.546,2.0506,2.05122,0.75,1.13
2012.05.08 21:15:01.924,2.0506,2.05111,0.75,1.13
2012.05.08 21:15:01.989,2.0506,2.05125,0.75,0.75
2012.05.08 21:15:02.054,2.05053,2.05128,0.24,1.13
2012.05.08 21:15:02.173,2.05053,2.05125,0.24,0.75
2012.05.08 21:15:02.542,2.05055,2.05112,0.75,1.13
2012.05.08 21:15:03.542,2.0505,2.05112,0.60,1.13
2012.05.08 21:15:04.348,2.05049,2.05112,0.99,1.13
2012.05.08 21:15:11.130,2.05056,2.05112,0.75,1.13
2012.05.08 21:15:11.312,2.05056,2.05133,0.75,1.13
2012.05.08 21:15:12.872,2.05058,2.05133,0.24,1.13
2012.05.08 21:15:15.189,2.05058,2.05134,0.24,1.13
2012.05.08 21:15:16.160,2.05058,2.05133,0.24,1.13
2012.05.08 21:15:22.922,2.05056,2.05133,0.24,1.13
2012.05.08 21:15:23.061,2.05056,2.05131,0.24,1.13
2012.05.08 21:15:28.720,2.05056,2.05116,0.24,1.13
2012.05.08 21:15:29.271,2.05056,2.05114,0.24,1.13
2012.05.08 21:15:30.049,2.05056,2.05113,0.24,1.13
2012.05.08 21:15:30.118,2.0504,2.05102,0.75,1.13
2012.05.08 21:15:30.368,2.0504,2.05118,0.75,1.13
2012.05.08 21:15:30.494,2.0504,2.05102,0.75,1.13
2012.05.08 21:15:31.125,2.0504,2.051,0.75,1.13
2012.05.08 21:15:31.466,2.05045,2.05117,0.75,1.13
2012.05.08 21:15:31.533,2.0504,2.05117,0.75,1.13
2012.05.08 21:15:31.599,2.0504,2.05101,0.75,1.13
2012.05.08 21:15:32.830,2.05036,2.05096,0.24,1.13
2012.05.08 21:15:32.893,2.05035,2.05098,0.75,1.13
2012.05.08 21:15:37.099,2.0503,2.05098,0.75,1.13
2012.05.08 21:15:48.044,2.0503,2.05096,0.75,1.13
2012.05.08 21:15:49.639,2.05035,2.05096,0.75,1.13
2012.05.08 21:15:51.628,2.0503,2.05096,0.75,1.13
2012.05.08 21:15:51.693,2.0503,2.05098,0.75,1.13
2012.05.08 21:15:52.182,2.05035,2.05098,0.75,1.13
2012.05.08 21:15:58.466,2.05035,2.05096,0.75,1.13
2012.05.08 21:15:59.720,2.05035,2.05098,0.75,1.13
2012.05.08 21:16:06.195,2.05056,2.05098,0.75,1.13
2012.05.08 21:16:06.389,2.05035,2.05098,0.75,1.13
2012.05.08 21:16:06.714,2.05044,2.05111,0.75,1.13
2012.05.08 21:16:07.107,2.05045,2.05125,0.75,1.13
2012.05.08 21:16:07.234,2.05043,2.05125,0.24,1.13
2012.05.08 21:16:07.354,2.0504,2.05105,0.75,1.13
2012.05.08 21:16:07.431,2.05025,2.05105,0.75,1.13
2012.05.08 21:16:07.932,2.05024,2.05104,0.75,0.75
2012.05.08 21:16:08.456,2.05025,2.05105,0.75,1.13
2012.05.08 21:16:11.220,2.05024,2.05105,0.75,1.13
2012.05.08 21:16:11.487,2.05024,2.05097,0.75,1.13
2012.05.08 21:16:11.864,2.05024,2.05054,0.75,0.75
2012.05.08 21:16:12.043,2.04974,2.05054,1.35,0.75
2012.05.08 21:16:12.103,2.04974,2.05045,1.35,0.75
2012.05.08 21:16:17.742,2.04974,2.05034,0.60,0.75
2012.05.08 21:16:17.922,2.04974,2.05044,0.60,1.13
2012.05.08 21:16:18.043,2.04974,2.05034,0.60,0.75
2012.05.08 21:16:18.258,2.04974,2.05044,0.60,1.13
2012.05.08 21:16:18.327,2.04974,2.05034,0.60,1.13
2012.05.08 21:16:18.399,2.04974,2.05044,0.60,1.13
2012.05.08 21:16:18.537,2.04974,2.05034,0.60,1.13
2012.05.08 21:16:18.657,2.04974,2.05045,0.60,1.88
2012.05.08 21:16:18.783,2.04974,2.05035,0.60,1.13
2012.05.08 21:16:19.097,2.04974,2.05044,0.60,1.13
2012.05.08 21:16:19.207,2.04974,2.05035,0.60,1.13
2012.05.08 21:16:19.320,2.04974,2.05045,0.60,1.88
2012.05.08 21:16:22.768,2.04974,2.05035,0.60,0.75
2012.05.08 21:16:23.098,2.04974,2.05045,0.60,0.75
2012.05.08 21:16:44.088,2.04975,2.05057,0.75,1.13
2012.05.08 21:16:44.412,2.04987,2.05057,0.60,1.13
2012.05.08 21:16:44.605,2.05005,2.05097,0.24,1.13
2012.05.08 21:16:48.248,2.05005,2.05086,0.24,1.13
2012.05.08 21:16:50.777,2.05005,2.05097,0.24,1.13
2012.05.08 21:16:53.053,2.05006,2.05097,0.24,1.13
2012.05.08 21:16:54.543,2.05005,2.05097,0.24,1.13
2012.05.08 21:16:54.603,2.05005,2.05094,0.24,0.75
2012.05.08 21:16:54.947,2.05005,2.05087,0.24,1.13
2012.05.08 21:16:59.445,2.05005,2.0508,0.24,1.13
2012.05.08 21:17:00.358,2.05005,2.05081,0.24,1.13
2012.05.08 21:17:00.876,2.05005,2.0508,0.24,1.13
2012.05.08 21:17:01.986,2.05005,2.05081,0.24,1.13
2012.05.08 21:17:02.935,2.05003,2.05081,0.60,1.13
2012.05.08 21:17:04.443,2.05003,2.05082,0.60,1.13
2012.05.08 21:17:04.633,2.05003,2.0509,0.60,1.13
2012.05.08 21:17:05.274,2.05003,2.05083,0.60,1.13
2012.05.08 21:17:05.609,2.05003,2.05088,0.60,1.13
2012.05.08 21:17:05.705,2.04999,2.05088,0.84,1.13
2012.05.08 21:17:08.128,2.05016,2.05088,0.75,1.13
2012.05.08 21:17:08.414,2.05002,2.05085,0.60,0.75
2012.05.08 21:17:08.475,2.05005,2.05085,0.75,0.75
2012.05.08 21:17:08.880,2.05017,2.05095,0.60,0.75
2012.05.08 21:17:09.769,2.05017,2.05085,0.60,0.75
2012.05.08 21:17:10.262,2.05005,2.05085,0.75,0.75
2012.05.08 21:17:10.422,2.05005,2.05094,0.75,0.75
2012.05.08 21:17:12.993,2.05008,2.05094,0.24,0.75
2012.05.08 21:17:13.297,2.05008,2.05084,0.24,0.75
2012.05.08 21:17:14.564,2.05008,2.05095,0.24,0.75
2012.05.08 21:17:14.665,2.05008,2.05085,0.24,0.75
2012.05.08 21:17:17.184,2.05008,2.05095,0.24,1.13
2012.05.08 21:17:17.856,2.05007,2.05095,0.24,1.13
2012.05.08 21:17:17.944,2.05007,2.05101,0.24,1.13
2012.05.08 21:17:22.953,2.05014,2.05101,0.24,1.13
2012.05.08 21:17:23.356,2.05014,2.05094,0.24,0.75
2012.05.08 21:17:28.593,2.05015,2.05094,0.24,0.75
2012.05.08 21:17:32.854,2.05012,2.05094,0.24,0.75
2012.05.08 21:17:34.118,2.05012,2.05085,0.24,0.75
2012.05.08 21:17:41.508,2.05012,2.05094,0.24,0.75
2012.05.08 21:17:41.904,2.05013,2.05084,0.24,0.75
2012.05.08 21:17:43.232,2.0502,2.05084,0.75,0.75
2012.05.08 21:17:43.359,2.0502,2.05095,0.75,1.13
2012.05.08 21:17:43.423,2.0502,2.05105,0.75,0.75
2012.05.08 21:18:02.923,2.05021,2.05105,0.24,0.75
2012.05.08 21:18:12.892,2.05019,2.05105,0.24,0.75
2012.05.08 21:18:13.646,2.0502,2.05105,0.24,0.75
2012.05.08 21:18:16.152,2.0502,2.05108,0.24,1.13
2012.05.08 21:18:16.413,2.05029,2.05108,0.60,1.13
2012.05.08 21:18:17.256,2.0502,2.05108,0.24,1.13
2012.05.08 21:18:22.917,2.05022,2.05108,0.24,1.13
2012.05.08 21:18:25.337,2.05022,2.05105,0.24,0.75
2012.05.08 21:18:27.885,2.05022,2.05108,0.24,1.13
2012.05.08 21:18:28.088,2.05026,2.05108,0.75,1.13
2012.05.08 21:18:28.672,2.05027,2.05108,0.60,1.13
2012.05.08 21:18:28.793,2.05022,2.05108,0.24,1.13
2012.05.08 21:18:31.439,2.05023,2.05108,0.60,1.13
2012.05.08 21:18:31.505,2.05028,2.05108,0.60,1.13
2012.05.08 21:18:35.857,2.05023,2.05108,0.60,1.13
2012.05.08 21:18:35.955,2.05021,2.05108,0.24,1.13
2012.05.08 21:18:36.014,2.05021,2.0509,0.24,1.13
2012.05.08 21:18:36.189,2.05021,2.05092,0.24,1.13
2012.05.08 21:18:39.636,2.05036,2.05092,0.75,1.13
2012.05.08 21:18:39.702,2.05036,2.05104,0.75,1.13
2012.05.08 21:18:40.192,2.0504,2.05104,0.24,1.13
2012.05.08 21:18:40.251,2.0504,2.05118,0.99,1.13
2012.05.08 21:18:40.406,2.0504,2.05114,0.99,0.75
2012.05.08 21:18:40.865,2.05042,2.05118,0.60,1.13
2012.05.08 21:18:40.975,2.05042,2.05115,0.60,0.75
2012.05.08 21:18:42.352,2.05042,2.05117,0.60,1.13
2012.05.08 21:18:42.412,2.05042,2.05114,0.60,0.75
2012.05.08 21:18:42.695,2.05042,2.05117,0.60,1.13
2012.05.08 21:18:44.631,2.05042,2.05134,0.60,1.13
2012.05.08 21:18:50.994,2.05042,2.0514,0.60,0.75
2012.05.08 21:18:51.051,2.05055,2.05145,0.75,0.75
2012.05.08 21:18:51.927,2.05055,2.05147,0.75,1.13
2012.05.08 21:18:53.576,2.05056,2.05147,0.75,1.13
2012.05.08 21:18:55.464,2.05055,2.05147,0.75,1.13
2012.05.08 21:18:56.884,2.05056,2.05147,0.75,1.13
2012.05.08 21:19:09.242,2.05065,2.05147,0.75,1.13
2012.05.08 21:19:09.333,2.05065,2.05154,0.75,0.60
2012.05.08 21:19:09.994,2.05065,2.05161,0.75,1.13
2012.05.08 21:19:12.992,2.05067,2.05161,0.24,1.13
2012.05.08 21:19:19.604,2.05068,2.05161,0.24,1.13
2012.05.08 21:19:22.927,2.05066,2.05161,0.24,1.13
2012.05.08 21:19:25.621,2.05066,2.05154,0.24,0.75
2012.05.08 21:19:26.556,2.05065,2.05148,0.24,1.13
2012.05.08 21:19:27.165,2.05066,2.05148,0.24,1.13
2012.05.08 21:19:32.866,2.05066,2.05134,0.24,0.75
2012.05.08 21:19:32.932,2.05055,2.05134,0.75,0.75
2012.05.08 21:19:33.802,2.05054,2.05134,0.75,0.75
2012.05.08 21:19:41.986,2.05054,2.05139,0.75,1.13
2012.05.08 21:19:42.271,2.05054,2.05145,0.75,0.75
2012.05.08 21:19:44.286,2.05054,2.05146,0.75,1.13
2012.05.08 21:19:46.363,2.05054,2.05134,0.75,0.75
2012.05.08 21:19:48.822,2.05054,2.05138,0.75,1.13
2012.05.08 21:19:48.986,2.05054,2.05146,0.75,1.13
2012.05.08 21:19:54.975,2.05054,2.05135,0.75,0.75
2012.05.08 21:20:02.967,2.05046,2.05139,1.59,1.88
2012.05.08 21:20:07.637,2.05046,2.05139,2.34,1.13
2012.05.08 21:20:07.908,2.05046,2.05127,1.59,1.13
2012.05.08 21:20:10.015,2.05046,2.05115,1.59,1.13
2012.05.08 21:20:10.442,2.05055,2.05125,1.50,1.13
2012.05.08 21:20:10.957,2.05055,2.05125,1.50,1.13
2012.05.08 21:20:11.083,2.05055,2.05119,1.50,1.13
2012.05.08 21:20:11.612,2.05055,2.05119,1.50,1.13
2012.05.08 21:20:11.784,2.05045,2.05125,1.74,1.13
2012.05.08 21:20:12.971,2.05045,2.05126,1.50,1.13
2012.05.08 21:20:13.584,2.05054,2.05126,1.50,1.13
2012.05.08 21:20:14.156,2.05054,2.05137,1.35,1.13
2012.05.08 21:20:15.454,2.05057,2.05137,1.35,1.13
2012.05.08 21:20:15.676,2.05054,2.05137,1.35,1.13
2012.05.08 21:20:22.227,2.05052,2.05137,1.35,1.13
2012.05.08 21:20:27.046,2.05046,2.05124,1.74,1.13
2012.05.08 21:20:28.256,2.05046,2.05138,1.74,1.13
2012.05.08 21:20:32.962,2.05046,2.05138,1.74,1.13
2012.05.08 21:20:33.924,2.05046,2.05138,1.74,1.13
2012.05.08 21:20:42.027,2.05054,2.05138,1.50,1.13
2012.05.08 21:20:42.137,2.05045,2.05138,1.74,1.13
2012.05.08 21:20:42.219,2.05045,2.05129,1.74,1.13
2012.05.08 21:20:42.549,2.05045,2.05131,1.74,1.13
2012.05.08 21:20:42.770,2.05045,2.05138,1.74,1.13
2012.05.08 21:20:43.005,2.05054,2.05138,1.50,1.13
2012.05.08 21:20:43.293,2.05046,2.0513,1.74,1.13
2012.05.08 21:20:43.352,2.05046,2.05138,1.74,1.13
2012.05.08 21:20:43.816,2.05055,2.05138,1.50,1.13
2012.05.08 21:20:43.899,2.05046,2.05138,1.74,1.13
2012.05.08 21:20:48.895,2.05055,2.05138,1.50,1.13
2012.05.08 21:20:51.642,2.05045,2.05138,1.74,1.13
2012.05.08 21:20:51.861,2.05055,2.05138,1.50,1.13
2012.05.08 21:20:52.424,2.05044,2.05138,1.59,1.13
2012.05.08 21:21:06.654,2.05045,2.05145,1.74,1.13
2012.05.08 21:21:17.084,2.05044,2.05145,1.59,1.13
2012.05.08 21:21:22.989,2.05036,2.05145,1.74,1.13
2012.05.08 21:21:27.982,2.05054,2.05145,1.50,1.13
2012.05.08 21:21:28.378,2.05054,2.05145,1.50,1.13
2012.05.08 21:21:28.443,2.05055,2.05145,1.50,1.13
2012.05.08 21:21:28.623,2.05055,2.05151,1.50,1.13
2012.05.08 21:21:28.972,2.05054,2.05151,1.50,1.13
2012.05.08 21:21:29.032,2.05054,2.05127,1.50,1.13
2012.05.08 21:21:29.351,2.05054,2.05127,1.50,1.13
2012.05.08 21:21:29.411,2.05054,2.05164,1.50,1.50
2012.05.08 21:21:30.937,2.05045,2.05156,1.74,1.50
2012.05.08 21:21:32.585,2.05054,2.05164,1.50,1.50
2012.05.08 21:21:33.131,2.05056,2.05164,1.50,1.50
2012.05.08 21:21:33.431,2.05045,2.05148,1.74,1.13
2012.05.08 21:21:33.912,2.05045,2.05127,1.74,1.13
2012.05.08 21:21:39.133,2.05054,2.05118,1.50,1.13
2012.05.08 21:21:39.194,2.05035,2.05118,1.50,1.13
2012.05.08 21:21:39.313,2.05035,2.05118,1.50,1.13
2012.05.08 21:21:39.434,2.05035,2.05123,1.50,1.13
2012.05.08 21:21:39.523,2.05035,2.05125,1.50,1.13
2012.05.08 21:21:39.793,2.05035,2.05123,1.50,1.13
2012.05.08 21:21:39.932,2.05035,2.05123,1.50,1.13
2012.05.08 21:21:39.992,2.05035,2.05116,1.50,1.13
2012.05.08 21:21:40.293,2.05025,2.05109,2.10,1.13
2012.05.08 21:21:40.639,2.05035,2.05116,1.50,1.13
2012.05.08 21:21:41.445,2.05035,2.05116,1.50,1.13
2012.05.08 21:21:46.054,2.05035,2.05116,1.50,1.13
2012.05.08 21:21:46.372,2.05045,2.05125,1.50,1.13
2012.05.08 21:21:46.832,2.05045,2.05125,1.50,1.13
2012.05.08 21:21:47.229,2.05054,2.05123,1.50,1.13
2012.05.08 21:21:48.413,2.05054,2.05123,1.50,1.13
2012.05.08 21:21:48.473,2.05054,2.05125,1.50,1.13
2012.05.08 21:21:49.027,2.05045,2.05142,1.50,1.13
2012.05.08 21:21:49.101,2.05045,2.05146,1.50,1.13
2012.05.08 21:21:54.604,2.05055,2.05137,1.50,1.13
2012.05.08 21:22:47.291,2.05044,2.05142,1.50,1.13
2012.05.08 21:22:53.793,2.05045,2.05142,1.50,1.13
2012.05.08 21:22:56.892,2.05045,2.05142,1.50,1.13
2012.05.08 21:22:57.022,2.05045,2.05142,1.50,1.13
2012.05.08 21:23:34.800,2.05045,2.05142,1.50,1.13
2012.05.08 21:23:40.191,2.05045,2.05142,1.50,1.13
2012.05.08 21:23:40.308,2.05045,2.05137,1.50,1.13
2012.05.08 21:23:41.617,2.05045,2.05137,1.50,1.13
2012.05.08 21:23:42.060,2.05045,2.05142,1.50,1.13
2012.05.08 21:23:51.024,2.05045,2.05142,1.50,1.13
2012.05.08 21:23:51.081,2.05045,2.05142,1.50,1.13
2012.05.08 21:23:56.138,2.05044,2.05142,1.50,1.13
2012.05.08 21:24:01.095,2.05044,2.05142,1.50,1.13
2012.05.08 21:24:05.833,2.05045,2.05142,1.50,1.13
2012.05.08 21:24:07.112,2.05045,2.05126,1.50,1.13
2012.05.08 21:24:11.308,2.05045,2.05121,1.50,1.13
2012.05.08 21:24:11.464,2.05045,2.05121,1.50,1.13
2012.05.08 21:24:11.683,2.05045,2.05123,1.50,1.13
2012.05.08 21:24:12.393,2.05045,2.0513,1.50,1.13
2012.05.08 21:24:12.451,2.05045,2.05122,1.50,1.13
2012.05.08 21:24:12.617,2.05045,2.05125,1.50,1.13
2012.05.08 21:24:15.652,2.05045,2.05125,1.50,1.13
2012.05.08 21:24:15.871,2.05045,2.05125,1.50,1.13
2012.05.08 21:24:16.661,2.05045,2.05125,1.50,1.13
2012.05.08 21:24:18.529,2.05045,2.05125,1.50,1.13
2012.05.08 21:24:18.654,2.05045,2.05127,1.50,1.13
2012.05.08 21:24:18.748,2.05045,2.05123,1.50,1.13
2012.05.08 21:24:18.841,2.05045,2.05123,1.50,1.13
2012.05.08 21:24:21.484,2.05045,2.05123,1.50,1.13
2012.05.08 21:24:21.607,2.05045,2.05126,1.50,1.13
2012.05.08 21:24:23.241,2.05044,2.05126,1.50,1.13
2012.05.08 21:24:23.461,2.05044,2.05126,1.50,1.13
2012.05.08 21:24:24.343,2.05044,2.05126,1.50,1.13
2012.05.08 21:24:24.404,2.05044,2.05142,1.50,1.13
2012.05.08 21:24:24.797,2.05054,2.05148,1.50,1.13
2012.05.08 21:24:26.401,2.05054,2.05148,1.50,1.13
2012.05.08 21:24:27.843,2.05054,2.05148,1.50,1.13
2012.05.08 21:24:29.233,2.0506,2.05154,1.50,1.13
2012.05.08 21:24:29.464,2.0506,2.05161,1.50,1.88
2012.05.08 21:24:30.321,2.05065,2.05161,1.50,1.13
2012.05.08 21:24:32.702,2.05065,2.05161,1.50,1.13
2012.05.08 21:24:36.702,2.05065,2.05155,1.50,1.13
2012.05.08 21:25:01.845,2.05059,2.0515,1.50,1.13
2012.05.08 21:25:33.532,2.05054,2.0515,1.50,1.13
2012.05.08 21:25:33.634,2.05054,2.05142,1.50,1.13
2012.05.08 21:25:45.136,2.05054,2.05142,1.50,1.13
2012.05.08 21:25:47.003,2.05054,2.05142,1.50,1.13
2012.05.08 21:25:47.423,2.05054,2.05142,1.50,1.13
2012.05.08 21:25:57.947,2.05055,2.05142,1.50,1.13
2012.05.08 21:25:59.233,2.05041,2.05142,1.35,1.88
2012.05.08 21:25:59.763,2.0504,2.05115,1.50,1.13
2012.05.08 21:26:02.250,2.0504,2.05115,1.50,1.13
2012.05.08 21:26:02.393,2.0504,2.05115,1.50,1.13
2012.05.08 21:26:02.695,2.0504,2.05128,1.50,1.13
2012.05.08 21:26:02.758,2.0504,2.05114,1.50,1.13
2012.05.08 21:26:03.563,2.0504,2.05116,1.50,1.13
2012.05.08 21:26:03.624,2.0504,2.05116,1.50,1.13
2012.05.08 21:26:04.113,2.05025,2.05116,1.50,1.13
2012.05.08 21:26:04.173,2.05015,2.05116,2.10,1.88
2012.05.08 21:26:04.354,2.05015,2.0509,1.35,1.13
2012.05.08 21:26:04.442,2.05015,2.05096,1.35,1.13
2012.05.08 21:26:33.820,2.0501,2.05096,1.50,1.13
2012.05.08 21:26:33.928,2.0501,2.05096,1.50,1.13
2012.05.08 21:26:33.994,2.0501,2.0508,1.50,1.13
2012.05.08 21:26:34.299,2.0501,2.0508,1.50,1.13
2012.05.08 21:26:34.368,2.05003,2.05095,1.35,1.13
2012.05.08 21:26:34.481,2.05003,2.05095,1.35,1.13
2012.05.08 21:26:34.601,2.05003,2.0508,1.35,1.13
2012.05.08 21:26:34.843,2.05003,2.05094,1.35,1.13
2012.05.08 21:26:34.933,2.05003,2.05081,1.35,1.13
2012.05.08 21:26:35.279,2.05003,2.05081,1.35,1.13
2012.05.08 21:26:35.369,2.05003,2.05094,1.35,1.13
2012.05.08 21:26:35.480,2.05003,2.0508,1.35,1.13
2012.05.08 21:26:35.544,2.05003,2.0508,1.35,1.13
2012.05.08 21:26:35.774,2.05003,2.0508,1.35,1.13
2012.05.08 21:26:35.834,2.05003,2.05095,1.35,1.13
2012.05.08 21:26:38.162,2.05003,2.05095,1.35,1.13
2012.05.08 21:26:38.223,2.04989,2.05082,2.10,1.13
2012.05.08 21:27:18.767,2.0499,2.05082,1.50,1.13
2012.05.08 21:27:18.973,2.0499,2.05083,1.50,1.13
2012.05.08 21:27:19.058,2.0499,2.05083,1.50,1.13
2012.05.08 21:27:19.148,2.0499,2.05081,1.50,1.13
2012.05.08 21:27:19.749,2.0499,2.05081,1.50,1.13
2012.05.08 21:27:25.091,2.04989,2.05081,2.10,1.13
2012.05.08 21:27:25.214,2.04989,2.05094,2.10,1.88
2012.05.08 21:27:25.274,2.05,2.05094,1.50,1.13
2012.05.08 21:27:33.978,2.04999,2.05094,1.50,1.13
2012.05.08 21:27:34.078,2.04999,2.05071,1.50,1.13
2012.05.08 21:27:34.620,2.04999,2.05071,1.50,1.13
2012.05.08 21:27:34.720,2.04999,2.05092,1.50,1.13
2012.05.08 21:27:34.941,2.04999,2.05095,1.50,1.13
2012.05.08 21:27:35.895,2.04999,2.05095,1.50,1.13
2012.05.08 21:27:36.087,2.05014,2.05108,1.50,1.13
2012.05.08 21:27:36.155,2.05015,2.05115,1.50,1.35
2012.05.08 21:27:36.215,2.05015,2.05115,1.50,1.35
2012.05.08 21:27:37.224,2.05029,2.05122,1.50,1.73
2012.05.08 21:27:37.285,2.05029,2.05122,1.50,1.13
2012.05.08 21:27:37.388,2.05025,2.05122,1.50,1.13
2012.05.08 21:27:38.687,2.05014,2.05108,2.10,1.13
2012.05.08 21:28:03.869,2.05015,2.05115,1.50,1.35
2012.05.08 21:28:03.934,2.05025,2.05118,1.50,1.20
2012.05.08 21:28:05.404,2.05025,2.05122,1.50,1.73
2012.05.08 21:28:05.464,2.05025,2.05122,1.50,1.13
2012.05.08 21:28:06.965,2.05015,2.05109,1.35,1.13
2012.05.08 21:28:18.944,2.05016,2.05123,1.50,1.13
2012.05.08 21:28:21.963,2.05015,2.05123,2.10,1.88
2012.05.08 21:28:22.128,2.05015,2.05108,2.10,1.13
2012.05.08 21:28:22.915,2.05,2.05097,1.35,1.13
2012.05.08 21:28:22.975,2.04999,2.05097,1.35,1.13
2012.05.08 21:28:39.705,2.05,2.05097,2.10,1.13
2012.05.08 21:28:42.933,2.05006,2.05109,1.50,1.13
2012.05.08 21:28:45.953,2.05,2.05109,1.35,1.88
2012.05.08 21:28:46.095,2.05,2.05097,1.35,1.13
2012.05.08 21:28:56.056,2.05,2.05097,2.10,1.13
2012.05.08 21:28:56.684,2.05012,2.05097,1.35,1.13
2012.05.08 21:28:56.884,2.05012,2.05097,1.35,1.13
2012.05.08 21:28:56.944,2.05012,2.0511,1.35,1.13
2012.05.08 21:29:14.365,2.05012,2.05105,1.35,1.13
2012.05.08 21:29:36.068,2.05015,2.05099,1.50,1.13
2012.05.08 21:29:38.377,2.05012,2.05105,1.35,1.13
2012.05.08 21:29:39.349,2.05012,2.0511,1.35,1.13
2012.05.08 21:29:53.253,2.05012,2.0511,1.35,1.13
2012.05.08 21:29:57.645,2.05014,2.0511,1.50,1.13
2012.05.08 21:29:59.470,2.05014,2.0511,2.10,1.13
2012.05.08 21:30:00.065,2.05014,2.0511,1.35,1.13
2012.05.08 21:30:03.144,2.05014,2.0511,1.35,1.13
2012.05.08 21:30:04.687,2.05014,2.0511,2.10,1.13
2012.05.08 21:30:05.186,2.05014,2.0511,1.35,1.13
2012.05.08 21:30:07.883,2.05022,2.0511,1.35,1.13
2012.05.08 21:30:08.225,2.05029,2.0511,1.50,1.13
2012.05.08 21:30:08.309,2.05029,2.05123,1.50,1.13
2012.05.08 21:30:08.387,2.05027,2.05123,1.35,1.13
2012.05.08 21:30:13.211,2.05027,2.05123,1.35,1.13
2012.05.08 21:30:16.021,2.05027,2.05123,1.35,1.13
2012.05.08 21:30:19.448,2.05029,2.05123,1.50,1.13
2012.05.08 21:30:42.635,2.05029,2.05123,1.50,1.13
2012.05.08 21:30:42.855,2.05035,2.05128,1.50,1.13
2012.05.08 21:30:46.363,2.05034,2.05128,1.50,1.13
2012.05.08 21:30:58.914,2.05034,2.05128,1.50,1.13
2012.05.08 21:30:58.974,2.05045,2.05141,1.50,1.73
2012.05.08 21:30:59.098,2.05045,2.05141,1.50,1.73
2012.05.08 21:30:59.225,2.05064,2.05141,1.50,1.13
2012.05.08 21:30:59.344,2.05064,2.05141,1.50,1.13
2012.05.08 21:30:59.403,2.05064,2.05166,1.50,1.20
2012.05.08 21:30:59.745,2.05065,2.05166,1.50,1.20
2012.05.08 21:31:00.730,2.05065,2.0518,1.50,2.33
2012.05.08 21:31:03.634,2.05065,2.05177,1.50,1.35
2012.05.08 21:31:06.996,2.05063,2.05177,1.35,1.35
2012.05.08 21:31:07.814,2.0506,2.05174,1.95,1.88
2012.05.08 21:31:07.876,2.0506,2.05174,1.95,1.88
2012.05.08 21:31:10.907,2.05063,2.05174,1.35,1.13
2012.05.08 21:31:12.287,2.0506,2.05174,1.95,1.88
2012.05.08 21:31:12.624,2.0506,2.05174,1.95,1.88
2012.05.08 21:31:14.613,2.0506,2.05174,1.95,1.88
2012.05.08 21:31:14.689,2.05063,2.05174,1.35,1.88
2012.05.08 21:31:23.414,2.05077,2.05187,1.35,1.88
2012.05.08 21:31:23.473,2.05072,2.05187,1.20,1.88
2012.05.08 21:31:31.855,2.05065,2.05161,1.35,1.88
2012.05.08 21:32:02.764,2.05064,2.05161,1.35,1.88
2012.05.08 21:32:06.968,2.05064,2.05161,1.35,1.13
2012.05.08 21:32:10.864,2.05064,2.05149,1.35,1.13
2012.05.08 21:32:11.044,2.05043,2.05149,1.20,1.88
2012.05.08 21:32:11.225,2.05043,2.0514,1.20,1.88
2012.05.08 21:32:11.499,2.05034,2.0514,1.35,1.88
2012.05.08 21:32:12.182,2.05034,2.0514,1.35,1.88
2012.05.08 21:32:13.405,2.05034,2.0514,1.35,2.63
2012.05.08 21:32:15.574,2.05034,2.0514,1.35,2.63
2012.05.08 21:32:15.924,2.05034,2.0514,1.35,2.63
2012.05.08 21:32:16.195,2.05045,2.0514,1.20,2.63
2012.05.08 21:32:16.505,2.0505,2.05153,1.35,1.13
2012.05.08 21:32:16.565,2.0505,2.05153,1.35,1.13
2012.05.08 21:32:16.625,2.0505,2.05162,1.35,1.35
2012.05.08 21:32:17.393,2.0505,2.05162,1.35,1.35
2012.05.08 21:32:20.634,2.0505,2.05162,1.35,1.35
2012.05.08 21:32:20.912,2.0505,2.05155,1.35,1.50
2012.05.08 21:32:23.265,2.0505,2.05153,1.35,1.88
2012.05.08 21:32:25.255,2.0505,2.05153,1.35,1.13
2012.05.08 21:32:29.454,2.0505,2.05153,1.35,1.88
2012.05.08 21:32:29.655,2.0505,2.05153,1.35,1.13
2012.05.08 21:32:33.306,2.0505,2.05153,1.35,1.13
2012.05.08 21:32:36.756,2.05055,2.05153,1.50,1.13
2012.05.08 21:32:37.134,2.0505,2.05153,1.35,1.88
2012.05.08 21:32:41.693,2.0505,2.05153,1.35,1.88
2012.05.08 21:32:43.844,2.0505,2.05153,1.35,1.88
2012.05.08 21:32:46.244,2.05037,2.05149,1.35,1.35
2012.05.08 21:32:46.935,2.05037,2.0514,1.35,1.50
2012.05.08 21:32:58.914,2.05037,2.0514,1.35,2.63
2012.05.08 21:32:59.368,2.05037,2.0514,1.35,2.63
2012.05.08 21:32:59.496,2.05026,2.05133,1.50,1.13
2012.05.08 21:33:01.071,2.05025,2.05133,1.35,1.88
2012.05.08 21:33:03.427,2.05025,2.05133,1.35,1.88
2012.05.08 21:33:07.169,2.05026,2.05133,1.50,1.13
2012.05.08 21:33:08.095,2.05025,2.05133,1.35,1.88
2012.05.08 21:33:09.735,2.05025,2.05133,1.35,1.88
2012.05.08 21:33:28.765,2.05025,2.05127,1.35,1.88
2012.05.08 21:33:32.074,2.05026,2.05127,1.50,1.13
2012.05.08 21:33:33.296,2.05026,2.05127,1.50,1.13
2012.05.08 21:33:40.476,2.05026,2.05127,1.50,1.73
2012.05.08 21:33:40.537,2.05016,2.05126,1.50,1.35
2012.05.08 21:33:43.306,2.05016,2.05126,1.50,1.35
2012.05.08 21:33:47.439,2.05012,2.05126,1.35,1.35
2012.05.08 21:33:48.966,2.05006,2.05114,1.50,2.48
2012.05.08 21:33:49.135,2.05,2.05114,1.35,2.48
2012.05.08 21:33:50.585,2.05006,2.05114,1.50,2.48
2012.05.08 21:33:59.378,2.05,2.05114,1.35,2.48
2012.05.08 21:34:03.313,2.05,2.05114,1.35,2.48
2012.05.08 21:34:10.209,2.05006,2.05114,1.50,2.48
2012.05.08 21:34:13.309,2.05006,2.05114,1.50,2.48
2012.05.08 21:34:18.788,2.05,2.05114,1.35,2.48
2012.05.08 21:34:23.363,2.05,2.05114,1.35,2.48
2012.05.08 21:34:26.954,2.05,2.05114,1.35,1.35
2012.05.08 21:34:27.559,2.05,2.05114,1.35,1.35
2012.05.08 21:34:33.722,2.05006,2.05114,1.50,1.35
2012.05.08 21:34:36.614,2.05015,2.05115,1.50,1.35
2012.05.08 21:34:37.001,2.05017,2.05122,1.35,1.88
2012.05.08 21:34:37.185,2.05025,2.05122,1.50,1.13
2012.05.08 21:34:37.487,2.05026,2.05133,1.50,1.20
2012.05.08 21:34:37.556,2.05029,2.05138,1.35,1.88
2012.05.08 21:34:38.099,2.05029,2.05141,1.35,1.35
2012.05.08 21:34:39.275,2.05029,2.05135,1.35,1.50
2012.05.08 21:34:39.457,2.05029,2.05129,1.35,1.13
2012.05.08 21:34:39.552,2.05029,2.05141,1.35,1.35
2012.05.08 21:34:39.771,2.05029,2.0513,1.35,1.13
2012.05.08 21:34:39.935,2.05029,2.05135,1.35,1.50
2012.05.08 21:34:39.999,2.05029,2.05129,1.35,1.13
2012.05.08 21:34:41.342,2.05029,2.05129,1.35,1.88
2012.05.08 21:34:41.731,2.05029,2.05129,1.35,1.88
2012.05.08 21:34:41.916,2.05036,2.05129,1.50,1.13
2012.05.08 21:34:42.257,2.0504,2.05129,1.50,1.13
2012.05.08 21:34:42.883,2.05029,2.05129,1.35,1.88
2012.05.08 21:34:43.155,2.05011,2.05115,1.35,1.35
2012.05.08 21:34:43.275,2.05008,2.05115,1.88,1.35
2012.05.08 21:34:43.565,2.05008,2.05115,1.88,1.35
2012.05.08 21:34:45.306,2.05008,2.05105,1.88,1.35
2012.05.08 21:34:46.746,2.05008,2.05101,1.88,1.35
2012.05.08 21:34:47.546,2.05008,2.05101,1.88,1.35
2012.05.08 21:34:47.975,2.04999,2.05101,1.88,1.35
2012.05.08 21:34:48.114,2.04999,2.05105,1.88,1.20
2012.05.08 21:34:48.175,2.04999,2.05105,1.88,1.20
2012.05.08 21:34:48.295,2.04974,2.05092,1.14,1.20
2012.05.08 21:34:49.022,2.04974,2.05092,1.14,1.20
2012.05.08 21:34:49.726,2.04974,2.05092,1.14,1.20
2012.05.08 21:34:51.784,2.04976,2.05092,1.14,1.20
2012.05.08 21:34:53.345,2.04974,2.05092,1.14,1.20
2012.05.08 21:35:00.829,2.04974,2.05092,1.14,1.20
2012.05.08 21:35:02.370,2.04975,2.051,1.14,1.73
2012.05.08 21:35:02.434,2.04984,2.051,1.20,1.13
2012.05.08 21:35:03.014,2.04984,2.05104,1.20,1.20
2012.05.08 21:35:22.423,2.04984,2.05101,1.20,1.35
2012.05.08 21:35:42.414,2.04985,2.05098,1.35,1.88
2012.05.08 21:35:44.183,2.04984,2.05098,1.95,1.88
2012.05.08 21:35:46.910,2.04984,2.05098,1.95,1.88
2012.05.08 21:35:56.501,2.04984,2.05098,1.95,1.88
2012.05.08 21:35:56.620,2.04984,2.05101,3.08,1.35
2012.05.08 21:35:57.152,2.04984,2.05098,1.95,1.88
2012.05.08 21:36:03.293,2.04983,2.05106,1.88,1.88
2012.05.08 21:36:06.415,2.04983,2.05106,1.88,1.88
2012.05.08 21:36:06.996,2.04975,2.05097,1.88,1.88
2012.05.08 21:36:09.324,2.04983,2.05106,1.88,1.88
2012.05.08 21:36:23.320,2.04981,2.05104,1.88,1.88
2012.05.08 21:36:33.360,2.04981,2.05104,1.88,1.88
2012.05.08 21:36:53.295,2.04981,2.05104,1.88,1.88
2012.05.08 21:37:09.841,2.04981,2.05104,1.88,1.13
2012.05.08 21:37:13.273,2.04981,2.05104,1.88,1.13
2012.05.08 21:37:24.719,2.04984,2.05104,1.50,1.88
2012.05.08 21:37:25.050,2.04982,2.05103,1.88,1.88
2012.05.08 21:37:25.945,2.04982,2.05103,1.88,1.88
2012.05.08 21:37:35.859,2.04982,2.05103,1.88,1.88
2012.05.08 21:37:38.224,2.04982,2.05103,1.88,1.88
2012.05.08 21:37:43.373,2.04981,2.05104,1.88,1.88
2012.05.08 21:37:49.239,2.04981,2.05104,1.88,1.88
2012.05.08 21:37:53.359,2.04966,2.05078,1.50,1.88
2012.05.08 21:38:03.598,2.04966,2.05083,1.50,1.88
2012.05.08 21:38:05.920,2.04966,2.05083,1.50,1.88
2012.05.08 21:38:05.981,2.05005,2.05083,1.50,1.13
2012.05.08 21:38:06.132,2.05005,2.0511,1.50,1.13
2012.05.08 21:38:06.213,2.05,2.0511,1.35,1.88
2012.05.08 21:38:16.344,2.05,2.0511,1.35,1.88
2012.05.08 21:38:16.709,2.05,2.05095,1.35,1.13
2012.05.08 21:38:17.246,2.05,2.05095,1.35,1.13
2012.05.08 21:38:17.521,2.04996,2.05095,1.20,1.13
2012.05.08 21:38:17.581,2.04996,2.05069,1.20,1.13
2012.05.08 21:38:17.762,2.04985,2.05069,1.35,1.13
2012.05.08 21:38:19.151,2.04985,2.05094,1.35,1.13
2012.05.08 21:38:19.270,2.05001,2.05094,1.35,1.13
2012.05.08 21:38:19.450,2.04996,2.05069,1.95,1.13
2012.05.08 21:38:19.702,2.04988,2.05069,1.20,1.13
2012.05.08 21:38:19.762,2.04986,2.05069,1.35,1.13
2012.05.08 21:38:20.630,2.04988,2.05069,1.35,1.13
2012.05.08 21:38:20.931,2.04995,2.05095,1.50,1.13
2012.05.08 21:38:20.990,2.04988,2.05069,1.35,1.13
2012.05.08 21:38:21.057,2.04986,2.05069,1.35,1.13
2012.05.08 21:38:21.605,2.04988,2.05069,1.35,1.13
2012.05.08 21:38:21.986,2.05001,2.05069,1.35,1.13
2012.05.08 21:38:22.053,2.04997,2.05069,1.20,1.13
2012.05.08 21:38:22.138,2.04996,2.05069,1.35,1.13
2012.05.08 21:38:23.161,2.04987,2.05069,1.35,1.13
2012.05.08 21:38:41.074,2.04986,2.05069,1.35,1.13
2012.05.08 21:38:41.140,2.04986,2.05075,1.35,1.13
2012.05.08 21:38:45.180,2.04976,2.05075,1.35,1.13
2012.05.08 21:38:45.242,2.04976,2.05068,1.35,1.13
2012.05.08 21:38:45.825,2.04976,2.05073,1.35,1.13
2012.05.08 21:38:49.352,2.04972,2.05068,1.20,1.13
2012.05.08 21:38:52.711,2.04976,2.05068,1.35,1.13
2012.05.08 21:38:53.192,2.04986,2.05068,1.35,1.13
2012.05.08 21:38:53.261,2.04991,2.0508,1.35,1.13
2012.05.08 21:38:55.198,2.04991,2.0508,1.35,1.13
2012.05.08 21:39:01.241,2.04996,2.0508,1.50,1.13
2012.05.08 21:39:01.302,2.04996,2.05093,1.50,1.13
2012.05.08 21:39:03.541,2.05005,2.05093,1.35,1.13
2012.05.08 21:39:04.250,2.05005,2.05093,1.35,1.13
2012.05.08 21:39:04.313,2.05005,2.05106,1.35,1.13
2012.05.08 21:39:04.900,2.05016,2.05094,1.35,1.13
2012.05.08 21:39:04.960,2.05015,2.05094,1.35,1.13
2012.05.08 21:39:06.930,2.05004,2.05094,1.35,1.13
2012.05.08 21:39:07.259,2.05017,2.05094,1.35,1.13
2012.05.08 21:39:07.391,2.05017,2.05106,1.35,1.13
2012.05.08 21:39:41.631,2.05017,2.05107,1.35,1.13
2012.05.08 21:39:43.648,2.05017,2.05107,1.35,1.13
2012.05.08 21:40:13.375,2.05004,2.05107,1.35,1.13
2012.05.08 21:40:18.891,2.05025,2.05112,1.50,1.13
2012.05.08 21:40:23.440,2.05025,2.05112,1.50,1.13
2012.05.08 21:40:33.471,2.05025,2.05112,1.50,1.13
2012.05.08 21:40:40.860,2.05029,2.05112,1.50,1.13
2012.05.08 21:40:41.102,2.05035,2.0512,1.50,1.73
2012.05.08 21:40:46.112,2.05026,2.0512,1.50,1.13
2012.05.08 21:41:07.689,2.05025,2.0512,1.50,1.13
2012.05.08 21:41:07.831,2.05025,2.05125,1.50,1.13
2012.05.08 21:41:16.631,2.05025,2.05119,1.50,1.13
2012.05.08 21:41:22.460,2.05016,2.05119,1.50,1.13
2012.05.08 21:41:22.579,2.05016,2.05113,1.50,1.13
2012.05.08 21:41:33.361,2.05016,2.05113,1.50,1.13
2012.05.08 21:42:33.916,2.0499,2.05113,1.13,1.13
2012.05.08 21:42:38.342,2.0499,2.05113,1.88,1.13
2012.05.08 21:42:38.656,2.05026,2.05113,1.50,1.13
2012.05.08 21:42:43.210,2.05014,2.05113,1.50,1.13
2012.05.08 21:42:43.364,2.05014,2.05099,1.50,1.13
2012.05.08 21:42:45.860,2.05006,2.05099,1.50,1.13
2012.05.08 21:42:46.336,2.05015,2.05088,1.50,1.13
2012.05.08 21:42:46.401,2.05015,2.051,1.50,1.13
2012.05.08 21:42:47.180,2.05006,2.051,1.50,1.13
2012.05.08 21:42:52.181,2.05006,2.05109,1.50,1.20
2012.05.08 21:42:58.758,2.05006,2.05112,1.50,1.73
2012.05.08 21:42:58.820,2.05006,2.05112,1.50,1.13
2012.05.08 21:43:02.643,2.05006,2.05112,1.50,1.13
2012.05.08 21:43:02.772,2.05006,2.05117,1.50,1.35
2012.05.08 21:43:08.640,2.05026,2.05122,1.50,1.20
2012.05.08 21:43:09.935,2.05026,2.05126,1.50,1.73
2012.05.08 21:43:10.015,2.05026,2.05126,1.50,1.13
2012.05.08 21:43:16.433,2.05016,2.05126,1.35,1.88
2012.05.08 21:43:20.672,2.05016,2.05113,1.35,1.13
2012.05.08 21:43:31.093,2.05016,2.05098,1.35,1.13
2012.05.08 21:43:33.013,2.05006,2.05112,1.50,1.13
2012.05.08 21:43:40.358,2.05005,2.05095,1.50,1.13
2012.05.08 21:43:41.754,2.05005,2.05095,1.50,1.13
2012.05.08 21:43:41.824,2.05005,2.05113,1.50,1.13
2012.05.08 21:43:49.173,2.05004,2.05113,1.35,1.88
2012.05.08 21:43:49.433,2.05,2.05086,1.50,1.13
2012.05.08 21:43:49.733,2.04989,2.05073,2.10,1.13
2012.05.08 21:43:50.214,2.04996,2.05087,1.50,1.13
2012.05.08 21:43:50.752,2.04985,2.05081,1.50,1.13
2012.05.08 21:43:53.543,2.04976,2.05081,1.50,1.13
2012.05.08 21:44:13.922,2.04975,2.05074,1.50,1.13
2012.05.08 21:44:14.041,2.04975,2.05074,1.50,1.13
2012.05.08 21:44:17.162,2.04975,2.05067,1.50,1.13
2012.05.08 21:44:17.283,2.04975,2.05067,1.50,1.13
2012.05.08 21:44:21.182,2.04974,2.05016,1.35,1.13
2012.05.08 21:44:21.301,2.0493,2.05016,1.50,1.13
2012.05.08 21:44:23.214,2.04934,2.05022,1.50,1.13
2012.05.08 21:44:29.973,2.04934,2.05022,1.50,1.13
2012.05.08 21:44:30.091,2.04942,2.05035,1.35,1.13
2012.05.08 21:44:30.214,2.0495,2.05048,1.50,1.13
2012.05.08 21:44:30.464,2.04954,2.05061,2.10,1.13
2012.05.08 21:44:30.681,2.04965,2.0507,1.50,1.20
2012.05.08 21:44:30.802,2.04968,2.05074,1.35,1.13
2012.05.08 21:44:31.042,2.04984,2.05074,1.50,1.13
2012.05.08 21:44:31.103,2.04984,2.05088,1.50,1.13
2012.05.08 21:44:38.120,2.04984,2.05094,1.50,1.35
2012.05.08 21:44:38.182,2.04978,2.05092,2.48,1.35
2012.05.08 21:44:43.642,2.04992,2.051,1.35,1.88
2012.05.08 21:44:55.659,2.04992,2.051,1.35,1.88
2012.05.08 21:44:55.867,2.04992,2.051,1.35,1.88
2012.05.08 21:44:55.977,2.04992,2.051,1.35,1.88
2012.05.08 21:44:56.310,2.04992,2.051,1.35,1.88
2012.05.08 21:44:58.836,2.04992,2.051,1.35,1.88
2012.05.08 21:44:59.104,2.04992,2.051,1.35,1.88
2012.05.08 21:45:09.280,2.04992,2.051,1.35,1.88
2012.05.08 21:45:16.140,2.04992,2.051,1.35,1.88
2012.05.08 21:45:16.260,2.04992,2.051,1.35,1.88
2012.05.08 21:45:21.199,2.04992,2.05087,1.35,1.88
2012.05.08 21:45:21.260,2.04992,2.05087,1.35,1.88
2012.05.08 21:45:21.572,2.04992,2.05101,1.35,1.88
2012.05.08 21:45:21.696,2.04992,2.05101,1.35,1.88
2012.05.08 21:45:22.341,2.04992,2.05101,1.35,1.88
2012.05.08 21:45:24.679,2.04992,2.05101,1.35,1.88
2012.05.08 21:46:03.540,2.04985,2.05107,1.50,1.88
2012.05.08 21:46:16.583,2.04985,2.05107,1.50,1.88
2012.05.08 21:46:17.704,2.04985,2.05101,1.50,1.88
2012.05.08 21:46:22.013,2.04977,2.05101,1.88,1.13
2012.05.08 21:46:31.631,2.04977,2.05101,1.88,1.88
2012.05.08 21:46:33.653,2.04986,2.05101,1.50,1.88
2012.05.08 21:46:42.571,2.04977,2.05101,1.88,1.88
2012.05.08 21:46:44.001,2.04985,2.05101,1.50,1.88
2012.05.08 21:46:57.692,2.04977,2.05101,1.88,1.88
2012.05.08 21:47:14.169,2.04977,2.05101,1.88,1.88
2012.05.08 21:47:15.772,2.04977,2.05101,1.88,1.88
2012.05.08 21:47:18.611,2.04996,2.05101,1.50,1.13
2012.05.08 21:47:23.639,2.04996,2.05101,1.50,1.13
2012.05.08 21:47:24.413,2.04977,2.05101,1.88,1.88
2012.05.08 21:47:28.368,2.04995,2.05101,1.50,1.13
2012.05.08 21:47:30.911,2.04995,2.05101,1.50,1.13
2012.05.08 21:47:33.190,2.0499,2.05101,1.50,1.88
2012.05.08 21:47:33.311,2.0499,2.05074,1.50,1.13
2012.05.08 21:47:33.682,2.0499,2.05087,1.50,1.13
2012.05.08 21:47:33.803,2.04995,2.05087,1.50,1.13
2012.05.08 21:47:33.862,2.04995,2.051,1.50,1.13
2012.05.08 21:47:35.892,2.05006,2.05107,1.50,1.20
2012.05.08 21:47:35.951,2.05006,2.05113,1.50,1.13
2012.05.08 21:47:36.011,2.05006,2.05113,1.50,1.13
2012.05.08 21:47:36.826,2.05003,2.05113,1.35,1.88
2012.05.08 21:47:36.892,2.05003,2.05113,1.35,1.88
2012.05.08 21:47:36.953,2.05003,2.05101,1.35,1.13
2012.05.08 21:47:37.596,2.05003,2.05101,1.35,1.88
2012.05.08 21:47:37.722,2.04984,2.05074,1.09,1.13
2012.05.08 21:47:38.711,2.04985,2.05088,1.50,1.13
2012.05.08 21:47:39.963,2.04995,2.05095,1.50,1.20
2012.05.08 21:47:40.021,2.04995,2.05101,1.50,1.13
2012.05.08 21:47:44.191,2.04995,2.05101,1.50,1.88
2012.05.08 21:47:44.302,2.04995,2.05087,1.50,1.13
2012.05.08 21:47:45.627,2.04999,2.05087,1.50,1.13
2012.05.08 21:47:45.843,2.05005,2.05101,1.50,1.13
2012.05.08 21:47:48.395,2.04996,2.05087,1.50,1.13
2012.05.08 21:47:48.461,2.04996,2.05087,1.50,1.13
2012.05.08 21:48:09.991,2.04995,2.051,1.50,1.13
2012.05.08 21:48:13.032,2.04991,2.051,1.35,1.88
2012.05.08 21:48:13.212,2.04991,2.051,1.35,2.63
2012.05.08 21:48:38.471,2.04991,2.05088,1.35,1.88
2012.05.08 21:48:39.834,2.04991,2.05088,1.35,1.88
2012.05.08 21:48:41.823,2.04986,2.05088,1.50,1.13
2012.05.08 21:48:45.729,2.04965,2.05088,2.63,1.88
2012.05.08 21:48:56.114,2.04985,2.05088,1.50,1.13
2012.05.08 21:48:56.670,2.04977,2.05088,1.35,1.88
2012.05.08 21:49:03.629,2.04991,2.05088,1.35,1.88
2012.05.08 21:49:20.110,2.04995,2.05088,1.50,1.13
2012.05.08 21:49:20.171,2.04995,2.05088,1.50,1.13
2012.05.08 21:49:20.371,2.04991,2.051,1.35,1.88
2012.05.08 21:49:20.490,2.04991,2.05088,1.35,1.13
2012.05.08 21:49:20.645,2.04991,2.05088,1.35,1.88
2012.05.08 21:49:21.312,2.04991,2.05088,1.35,1.88
2012.05.08 21:49:42.992,2.04975,2.05085,1.50,2.10
2012.05.08 21:49:43.053,2.04975,2.05062,1.50,1.13
2012.05.08 21:49:43.732,2.04975,2.05062,1.50,1.13
2012.05.08 21:49:43.923,2.04975,2.05075,1.50,1.13
2012.05.08 21:49:44.043,2.04975,2.05075,1.50,1.13
2012.05.08 21:49:44.126,2.04975,2.05085,1.50,1.35
2012.05.08 21:49:59.002,2.04985,2.05087,2.10,1.13
2012.05.08 21:50:11.013,2.04985,2.05099,2.10,1.35
2012.05.08 21:50:13.732,2.04998,2.051,1.35,1.88
2012.05.08 21:50:19.136,2.04998,2.051,1.35,1.13
2012.05.08 21:50:22.734,2.04998,2.051,1.35,1.13
2012.05.08 21:50:23.695,2.04998,2.051,1.35,1.13
2012.05.08 21:50:33.583,2.04998,2.051,1.35,1.13
2012.05.08 21:50:35.257,2.04998,2.051,1.35,1.13
2012.05.08 21:50:51.642,2.04998,2.051,1.35,1.88
2012.05.08 21:50:59.986,2.04998,2.051,1.35,1.88
2012.05.08 21:51:00.301,2.04998,2.051,1.35,1.88
2012.05.08 21:51:02.685,2.04998,2.051,1.35,1.88
2012.05.08 21:51:03.633,2.04998,2.051,1.35,1.88
2012.05.08 21:51:10.044,2.04998,2.051,1.35,1.88
2012.05.08 21:51:13.702,2.04985,2.05099,1.35,1.35
2012.05.08 21:51:14.464,2.04999,2.051,1.35,1.88
2012.05.08 21:51:16.461,2.04999,2.051,1.35,2.63
2012.05.08 21:51:22.504,2.04986,2.05087,1.35,1.88
2012.05.08 21:51:22.622,2.04986,2.05087,1.35,1.88
2012.05.08 21:51:23.641,2.04986,2.05087,1.35,1.88
2012.05.08 21:51:32.372,2.04986,2.05087,1.35,1.88
2012.05.08 21:51:48.672,2.04986,2.05087,1.35,1.88
2012.05.08 21:51:56.333,2.04972,2.05086,1.35,1.35
2012.05.08 21:52:24.467,2.04969,2.05086,1.20,1.35
2012.05.08 21:52:24.713,2.04969,2.05061,1.20,1.88
2012.05.08 21:52:29.637,2.04969,2.05067,1.20,1.13
2012.05.08 21:52:34.969,2.04969,2.05067,1.20,1.88
2012.05.08 21:52:41.264,2.04969,2.05067,1.20,1.88
2012.05.08 21:52:43.026,2.04969,2.05067,1.20,1.13
2012.05.08 21:52:49.343,2.04962,2.05067,1.13,1.13
2012.05.08 21:53:10.191,2.0496,2.05054,1.35,1.13
2012.05.08 21:53:13.200,2.04962,2.05068,1.13,1.13
2012.05.08 21:53:17.120,2.04965,2.05075,1.13,2.48
2012.05.08 21:53:17.181,2.04969,2.05075,1.13,1.73
2012.05.08 21:53:38.319,2.04965,2.05075,1.88,2.48
2012.05.08 21:53:43.820,2.04969,2.05075,1.13,1.73
2012.05.08 21:53:51.205,2.04965,2.05075,1.88,2.48
2012.05.08 21:53:59.479,2.04965,2.05075,1.88,1.88
2012.05.08 21:54:06.663,2.04966,2.05075,1.13,1.88
2012.05.08 21:54:09.670,2.04969,2.05075,1.13,1.13
2012.05.08 21:54:11.650,2.04966,2.05075,1.13,1.88
2012.05.08 21:54:16.773,2.04969,2.05075,1.13,1.13
2012.05.08 21:54:23.878,2.04973,2.05075,1.35,1.13
2012.05.08 21:54:24.526,2.04973,2.05075,1.35,1.13
2012.05.08 21:54:27.396,2.04973,2.05075,1.35,1.13
2012.05.08 21:54:36.990,2.04973,2.05061,1.35,1.13
2012.05.08 21:54:38.818,2.04973,2.05061,1.35,1.13
2012.05.08 21:54:42.892,2.0496,2.05061,1.35,1.13
2012.05.08 21:54:43.332,2.04968,2.05061,1.20,1.13
2012.05.08 21:54:45.120,2.04972,2.05061,1.35,1.13
2012.05.08 21:54:45.241,2.04972,2.05067,1.35,1.13
2012.05.08 21:54:56.952,2.04972,2.05059,1.35,1.13
2012.05.08 21:55:11.574,2.04972,2.05065,1.35,1.13
2012.05.08 21:55:22.403,2.04963,2.05065,1.13,1.13
2012.05.08 21:55:23.684,2.04973,2.05065,1.35,1.13
2012.05.08 21:55:27.515,2.04973,2.05065,1.35,1.13
2012.05.08 21:55:27.861,2.04976,2.05078,1.13,1.13
2012.05.08 21:55:27.920,2.04976,2.05078,1.13,1.13
2012.05.08 21:55:36.160,2.04986,2.05078,1.35,1.13
2012.05.08 21:55:36.340,2.04974,2.05064,1.35,1.13
2012.05.08 21:55:37.901,2.04986,2.05078,1.35,1.13
2012.05.08 21:55:46.401,2.04982,2.05065,1.20,1.13
2012.05.08 21:55:46.522,2.04975,2.05065,1.35,1.13
2012.05.08 21:55:46.582,2.04973,2.05065,1.69,1.13
2012.05.08 21:55:57.151,2.04973,2.05065,1.35,1.13
2012.05.08 21:55:59.922,2.04973,2.05065,1.35,1.13
2012.05.08 21:56:03.628,2.04973,2.05065,1.35,1.13
2012.05.08 21:56:06.787,2.04973,2.05065,1.35,1.13
2012.05.08 21:56:06.971,2.04973,2.05054,1.35,1.13
2012.05.08 21:56:22.790,2.04961,2.05054,1.35,1.13
2012.05.08 21:56:22.898,2.04961,2.05059,1.35,1.13
2012.05.08 21:56:23.455,2.04961,2.05059,1.35,1.13
2012.05.08 21:56:23.524,2.04961,2.05059,1.35,1.13
2012.05.08 21:56:23.705,2.04961,2.05059,1.35,1.13
2012.05.08 21:56:24.095,2.04961,2.05059,1.35,1.13
2012.05.08 21:56:25.085,2.04961,2.05059,1.35,1.13
2012.05.08 21:56:26.067,2.04961,2.05059,1.35,1.13
2012.05.08 21:56:37.830,2.04961,2.05059,1.35,1.13
2012.05.08 21:56:38.276,2.04961,2.05031,1.35,1.13
2012.05.08 21:56:38.343,2.04961,2.05034,1.35,1.13
2012.05.08 21:56:45.397,2.04961,2.05034,1.35,1.13
2012.05.08 21:56:45.592,2.04961,2.05034,1.35,1.13
2012.05.08 21:56:45.652,2.04961,2.05059,1.35,1.13
2012.05.08 21:56:49.029,2.04961,2.05059,1.35,1.13
2012.05.08 21:56:50.255,2.04961,2.05059,1.35,1.13
2012.05.08 21:56:58.377,2.04961,2.05059,1.35,1.13
2012.05.08 21:57:05.221,2.04961,2.05059,1.35,1.13
2012.05.08 21:57:11.921,2.04968,2.05059,1.35,1.13
2012.05.08 21:57:12.211,2.04972,2.05059,1.35,1.13
2012.05.08 21:57:12.384,2.04972,2.05071,1.35,1.13
2012.05.08 21:57:18.446,2.04982,2.05071,1.13,1.13
2012.05.08 21:57:18.512,2.04982,2.05084,1.13,1.13
2012.05.08 21:57:18.722,2.04995,2.05097,1.13,1.88
2012.05.08 21:57:19.694,2.04995,2.05097,1.88,1.13
2012.05.08 21:57:19.916,2.04995,2.05097,1.13,1.88
2012.05.08 21:57:19.988,2.04995,2.05097,1.88,1.13
2012.05.08 21:57:23.847,2.04996,2.05097,1.35,1.13
2012.05.08 21:57:31.156,2.04999,2.05097,1.35,1.13
2012.05.08 21:57:32.146,2.04996,2.05097,1.35,1.13
2012.05.08 21:57:33.471,2.05008,2.05097,1.20,1.13
2012.05.08 21:57:35.132,2.05012,2.05097,1.35,1.13
2012.05.08 21:57:35.674,2.05012,2.05097,1.35,1.13
2012.05.08 21:57:35.943,2.05012,2.05097,1.35,1.13
2012.05.08 21:57:36.012,2.05012,2.0511,1.35,1.13
2012.05.08 21:57:39.483,2.05021,2.0511,1.20,1.13
2012.05.08 21:57:39.842,2.05015,2.0511,1.35,1.13
2012.05.08 21:57:39.901,2.05011,2.0511,1.35,1.13
2012.05.08 21:57:40.121,2.05008,2.0511,1.58,1.88
2012.05.08 21:57:41.606,2.05008,2.0511,1.58,1.13
2012.05.08 21:57:47.987,2.05008,2.0511,1.58,1.88
2012.05.08 21:57:49.694,2.05011,2.0511,1.35,1.13
2012.05.08 21:57:53.981,2.05008,2.0511,1.58,1.13
2012.05.08 21:57:54.611,2.05011,2.0511,1.35,1.13
2012.05.08 21:57:54.671,2.0502,2.05124,1.13,1.88
2012.05.08 21:57:54.791,2.0502,2.05124,1.73,1.88
2012.05.08 21:57:54.981,2.05026,2.05124,1.35,1.13
2012.05.08 21:58:02.301,2.05028,2.05124,1.35,1.13
2012.05.08 21:58:13.711,2.05026,2.05124,1.35,1.13
2012.05.08 21:58:55.213,2.0502,2.05124,1.13,1.88
2012.05.08 21:59:08.274,2.05025,2.05124,0.75,1.13
2012.05.08 21:59:08.581,2.05021,2.05123,0.38,1.13
2012.05.08 21:59:18.173,2.05025,2.05123,0.75,1.13
2012.05.08 21:59:18.721,2.05021,2.05114,0.38,0.75
2012.05.08 21:59:19.044,2.05021,2.05123,0.38,1.13
2012.05.08 21:59:28.207,2.05026,2.05123,0.75,1.13
2012.05.08 21:59:31.444,2.05021,2.05123,0.38,1.13
2012.05.08 21:59:40.182,2.05021,2.05114,0.38,0.75
2012.05.08 21:59:42.517,2.05026,2.05123,0.75,1.13
