2016.10.27 09:00:00.151,1.71178,1.71225,1.00,1.00
2016.10.27 09:00:00.543,1.71181,1.7122,1.00,1.00
2016.10.27 09:00:00.645,1.71181,1.71225,1.00,1.00
2016.10.27 09:00:00.696,1.71192,1.71207,1.00,1.00
2016.10.27 09:00:00.747,1.71192,1.71217,1.00,1.00
2016.10.27 09:00:00.798,1.71173,1.71215,1.37,1.00
2016.10.27 09:00:00.848,1.71173,1.71215,1.00,1.00
2016.10.27 09:00:01.403,1.71173,1.71216,1.00,1.00
2016.10.27 09:00:01.454,1.71186,1.71225,1.00,1.00
2016.10.27 09:00:01.505,1.71184,1.71225,1.00,1.00
2016.10.27 09:00:02.151,1.71191,1.71231,1.00,1.00
2016.10.27 09:00:02.755,1.71192,1.71232,1.00,1.00
2016.10.27 09:00:03.616,1.71192,1.7123,1.00,1.00
2016.10.27 09:00:04.150,1.71181,1.71222,1.00,1.00
2016.10.27 09:00:04.201,1.71182,1.71229,1.00,1.00
2016.10.27 09:00:04.503,1.71184,1.71228,1.00,1.00
2016.10.27 09:00:04.762,1.71184,1.7123,1.00,1.00
2016.10.27 09:00:05.235,1.71205,1.71252,1.00,1.00
2016.10.27 09:00:05.339,1.71208,1.71252,1.00,1.00
2016.10.27 09:00:05.541,1.71206,1.71252,1.50,1.00
2016.10.27 09:00:06.670,1.71209,1.71254,1.00,1.00
2016.10.27 09:00:07.332,1.71209,1.71253,1.00,1.00
2016.10.27 09:00:07.710,1.71204,1.71247,1.00,1.00
2016.10.27 09:00:08.217,1.71202,1.71246,1.00,1.00
2016.10.27 09:00:09.020,1.71202,1.71248,1.50,1.00
2016.10.27 09:00:10.961,1.71202,1.71246,1.00,1.00
2016.10.27 09:00:16.876,1.71199,1.71245,1.00,1.00
2016.10.27 09:00:17.181,1.71199,1.71243,1.00,1.00
2016.10.27 09:00:17.232,1.71199,1.71246,1.00,1.00
2016.10.27 09:00:17.334,1.71199,1.71244,1.50,1.00
2016.10.27 09:00:18.342,1.71199,1.71245,1.50,1.00
2016.10.27 09:00:19.603,1.71199,1.71244,1.00,1.00
2016.10.27 09:00:19.942,1.71197,1.71241,1.00,1.00
2016.10.27 09:00:20.492,1.71196,1.71241,1.00,1.00
2016.10.27 09:00:21.150,1.71196,1.71242,1.00,1.00
2016.10.27 09:00:21.478,1.71199,1.71245,1.00,1.00
2016.10.27 09:00:21.580,1.71204,1.71252,1.00,1.00
2016.10.27 09:00:21.631,1.71204,1.7125,1.50,1.00
2016.10.27 09:00:22.069,1.71204,1.71252,1.50,1.00
2016.10.27 09:00:22.429,1.71208,1.71253,1.00,1.00
2016.10.27 09:00:22.986,1.71208,1.71252,1.00,1.00
2016.10.27 09:00:25.049,1.71204,1.71248,1.00,1.00
2016.10.27 09:00:25.727,1.71204,1.7125,1.00,1.00
2016.10.27 09:00:26.992,1.71204,1.71249,1.00,1.00
2016.10.27 09:00:27.144,1.71203,1.71251,1.50,1.00
2016.10.27 09:00:27.245,1.71203,1.71249,1.37,1.00
2016.10.27 09:00:27.769,1.71204,1.7125,1.00,1.00
2016.10.27 09:00:28.126,1.71205,1.71248,1.00,1.00
2016.10.27 09:00:28.242,1.71209,1.71257,1.00,1.50
2016.10.27 09:00:28.293,1.71212,1.71255,1.00,1.00
2016.10.27 09:00:28.394,1.71209,1.71255,1.00,1.00
2016.10.27 09:00:28.445,1.71212,1.7126,1.50,1.00
2016.10.27 09:00:28.532,1.71217,1.71261,1.00,1.00
2016.10.27 09:00:29.264,1.71221,1.7126,1.00,1.00
2016.10.27 09:00:29.327,1.71221,1.71262,1.00,1.00
2016.10.27 09:00:29.951,1.71221,1.71263,1.00,1.00
2016.10.27 09:00:30.394,1.71217,1.7126,1.00,1.00
2016.10.27 09:00:30.495,1.71217,1.71263,1.87,1.00
2016.10.27 09:00:31.109,1.71219,1.71262,1.00,1.00
2016.10.27 09:00:32.232,1.71219,1.71254,1.00,1.00
2016.10.27 09:00:32.283,1.71213,1.71253,1.00,1.00
2016.10.27 09:00:32.334,1.71212,1.7125,1.00,1.00
2016.10.27 09:00:32.386,1.71204,1.7125,1.37,1.00
2016.10.27 09:00:32.437,1.71202,1.7125,2.62,1.00
2016.10.27 09:00:32.715,1.71202,1.71248,2.62,1.00
2016.10.27 09:00:33.247,1.71202,1.71249,2.62,1.00
2016.10.27 09:00:33.792,1.71202,1.71249,2.62,1.00
2016.10.27 09:00:34.122,1.71202,1.71249,1.50,1.00
2016.10.27 09:00:34.223,1.7121,1.71256,1.00,1.00
2016.10.27 09:00:34.562,1.71208,1.71254,1.00,1.00
2016.10.27 09:00:34.629,1.71206,1.71253,1.00,1.00
2016.10.27 09:00:34.931,1.71202,1.7125,1.12,1.00
2016.10.27 09:00:34.982,1.71203,1.71248,1.00,1.00
2016.10.27 09:00:35.046,1.71201,1.71248,1.00,1.00
2016.10.27 09:00:35.934,1.71201,1.71247,1.00,1.00
2016.10.27 09:00:37.216,1.712,1.71246,1.12,1.00
2016.10.27 09:00:37.728,1.71207,1.71252,1.00,1.00
2016.10.27 09:00:37.779,1.71207,1.71255,1.00,1.00
2016.10.27 09:00:37.830,1.71211,1.71256,1.00,1.00
2016.10.27 09:00:38.417,1.71212,1.71256,1.00,1.00
2016.10.27 09:00:38.880,1.71208,1.71256,1.00,1.00
2016.10.27 09:00:38.930,1.71211,1.71259,1.12,1.00
2016.10.27 09:00:39.234,1.71216,1.71264,1.00,1.00
2016.10.27 09:00:39.538,1.7122,1.71266,1.00,1.00
2016.10.27 09:00:39.589,1.7122,1.71268,1.00,1.00
2016.10.27 09:00:40.342,1.7122,1.71268,1.37,1.00
2016.10.27 09:00:40.845,1.7122,1.71266,1.37,1.00
2016.10.27 09:00:41.586,1.71221,1.71267,1.12,1.00
2016.10.27 09:00:42.121,1.71222,1.71268,1.12,1.00
2016.10.27 09:00:42.450,1.71223,1.7127,1.00,1.00
2016.10.27 09:00:43.913,1.71224,1.7127,1.00,1.00
2016.10.27 09:00:44.713,1.71224,1.71272,1.00,1.00
2016.10.27 09:00:44.883,1.71224,1.7127,1.00,1.00
2016.10.27 09:00:45.426,1.71224,1.71271,1.00,1.00
2016.10.27 09:00:45.761,1.71228,1.71274,1.50,1.00
2016.10.27 09:00:46.136,1.71228,1.71273,1.37,1.00
2016.10.27 09:00:46.287,1.71229,1.71272,1.00,1.00
2016.10.27 09:00:46.695,1.71231,1.71272,1.00,1.00
2016.10.27 09:00:46.753,1.71231,1.71274,1.00,1.00
2016.10.27 09:00:47.602,1.71228,1.71274,1.00,1.00
2016.10.27 09:00:48.105,1.71227,1.71274,1.37,1.00
2016.10.27 09:00:49.205,1.71242,1.71283,1.00,1.00
2016.10.27 09:00:49.256,1.71242,1.71285,1.00,1.00
2016.10.27 09:00:49.733,1.71245,1.71288,1.00,1.00
2016.10.27 09:00:49.784,1.71245,1.71291,1.00,1.12
2016.10.27 09:00:49.835,1.71249,1.71295,1.00,1.37
2016.10.27 09:00:50.585,1.71248,1.71295,1.00,1.37
2016.10.27 09:00:50.918,1.71245,1.7129,1.00,1.00
2016.10.27 09:00:51.256,1.71243,1.71291,1.12,1.00
2016.10.27 09:00:51.307,1.71243,1.71289,1.12,1.00
2016.10.27 09:00:51.911,1.71247,1.71294,1.00,3.00
2016.10.27 09:00:52.012,1.71242,1.71288,1.00,1.12
2016.10.27 09:00:52.264,1.7124,1.71286,1.00,1.00
2016.10.27 09:00:52.891,1.71235,1.71276,1.87,1.00
2016.10.27 09:00:52.942,1.71235,1.71281,1.87,1.00
2016.10.27 09:00:52.993,1.71234,1.7128,1.00,1.00
2016.10.27 09:00:53.297,1.71232,1.7128,1.00,1.37
2016.10.27 09:00:53.398,1.7123,1.7128,1.00,1.37
2016.10.27 09:00:53.449,1.71232,1.71277,1.00,1.00
2016.10.27 09:00:53.840,1.71232,1.71274,1.00,1.00
2016.10.27 09:00:53.941,1.71227,1.71273,1.00,1.00
2016.10.27 09:00:54.471,1.71226,1.71272,1.37,1.00
2016.10.27 09:00:54.522,1.71226,1.71274,1.12,1.00
2016.10.27 09:00:54.882,1.71223,1.7127,1.00,1.12
2016.10.27 09:00:55.426,1.71223,1.71269,1.00,1.00
2016.10.27 09:00:56.040,1.7122,1.71266,1.37,1.00
2016.10.27 09:00:56.877,1.7122,1.71266,1.37,1.00
2016.10.27 09:00:56.949,1.71221,1.71269,1.37,1.00
2016.10.27 09:00:57.050,1.71224,1.71274,1.12,1.00
2016.10.27 09:00:57.101,1.71226,1.71274,1.37,1.00
2016.10.27 09:00:57.702,1.71222,1.71265,2.62,1.00
2016.10.27 09:00:57.756,1.71217,1.71264,1.37,1.00
2016.10.27 09:00:59.347,1.71216,1.71262,1.00,1.00
2016.10.27 09:01:00.146,1.71215,1.71263,1.37,1.00
2016.10.27 09:01:01.010,1.71215,1.71263,1.12,1.00
2016.10.27 09:01:01.764,1.71215,1.71262,1.12,1.00
2016.10.27 09:01:02.660,1.71214,1.7126,1.00,1.00
2016.10.27 09:01:02.822,1.71211,1.71258,1.00,1.00
2016.10.27 09:01:03.341,1.71211,1.71258,1.00,1.37
2016.10.27 09:01:04.025,1.7121,1.71258,1.00,1.37
2016.10.27 09:01:04.346,1.71212,1.71255,1.00,1.12
2016.10.27 09:01:04.525,1.7121,1.71255,1.00,1.12
2016.10.27 09:01:05.222,1.71205,1.71252,1.87,1.00
2016.10.27 09:01:05.444,1.71212,1.71249,1.00,1.00
2016.10.27 09:01:05.545,1.71203,1.71242,1.12,1.00
2016.10.27 09:01:05.697,1.71203,1.71237,1.00,1.00
2016.10.27 09:01:05.848,1.71191,1.71231,1.50,1.00
2016.10.27 09:01:05.950,1.71191,1.7123,1.00,1.00
2016.10.27 09:01:06.117,1.71191,1.71233,1.00,1.00
2016.10.27 09:01:06.553,1.71191,1.71231,1.00,1.00
2016.10.27 09:01:08.948,1.71186,1.71224,1.00,1.00
2016.10.27 09:01:09.049,1.71182,1.71224,1.12,1.00
2016.10.27 09:01:09.200,1.71177,1.71221,1.37,1.00
2016.10.27 09:01:09.707,1.71182,1.7122,1.00,1.00
2016.10.27 09:01:10.358,1.71182,1.71219,1.00,1.00
2016.10.27 09:01:11.842,1.71182,1.7122,1.00,1.00
2016.10.27 09:01:12.174,1.71182,1.71218,1.00,1.00
2016.10.27 09:01:12.275,1.71172,1.71217,1.37,1.00
2016.10.27 09:01:13.062,1.71173,1.71217,1.37,1.00
2016.10.27 09:01:13.117,1.71174,1.71218,1.37,1.00
2016.10.27 09:01:13.541,1.71174,1.71218,1.37,1.00
2016.10.27 09:01:14.568,1.71174,1.71218,1.37,1.00
2016.10.27 09:01:14.669,1.71172,1.71216,1.37,1.00
2016.10.27 09:01:14.917,1.71178,1.71226,1.00,1.87
2016.10.27 09:01:14.968,1.71172,1.71218,1.37,1.00
2016.10.27 09:01:15.042,1.71172,1.71217,1.00,1.00
2016.10.27 09:01:15.789,1.7117,1.71216,1.50,1.00
2016.10.27 09:01:15.840,1.71167,1.7121,1.00,1.00
2016.10.27 09:01:15.891,1.71165,1.7121,1.00,1.00
2016.10.27 09:01:16.516,1.71165,1.71211,1.37,1.00
2016.10.27 09:01:16.620,1.71165,1.71211,1.37,1.00
2016.10.27 09:01:17.082,1.71166,1.71212,1.37,1.00
2016.10.27 09:01:17.621,1.71166,1.71212,1.12,1.00
2016.10.27 09:01:18.776,1.71163,1.71209,1.12,1.00
2016.10.27 09:01:19.278,1.71162,1.7121,1.87,1.00
2016.10.27 09:01:19.918,1.71163,1.7121,1.37,1.00
2016.10.27 09:01:20.222,1.71165,1.71211,1.37,1.00
2016.10.27 09:01:20.373,1.71166,1.71213,1.87,1.00
2016.10.27 09:01:20.424,1.71166,1.71211,1.37,1.00
2016.10.27 09:01:20.475,1.71165,1.71213,1.37,1.00
2016.10.27 09:01:21.120,1.71167,1.71212,1.37,1.00
2016.10.27 09:01:21.455,1.71172,1.71212,1.00,1.00
2016.10.27 09:01:21.657,1.71172,1.71215,1.12,1.00
2016.10.27 09:01:22.065,1.71172,1.71216,1.37,1.00
2016.10.27 09:01:22.801,1.71171,1.71218,1.87,1.00
2016.10.27 09:01:23.543,1.71171,1.71219,1.87,1.00
2016.10.27 09:01:23.626,1.71172,1.71219,1.87,1.00
2016.10.27 09:01:24.247,1.71173,1.71218,1.37,1.00
2016.10.27 09:01:24.559,1.71175,1.7122,1.37,1.00
2016.10.27 09:01:24.932,1.71178,1.71221,1.37,1.00
2016.10.27 09:01:25.288,1.71186,1.71221,1.87,1.00
2016.10.27 09:01:25.378,1.71193,1.71233,1.12,1.00
2016.10.27 09:01:25.580,1.71193,1.71234,1.37,1.00
2016.10.27 09:01:25.942,1.71193,1.71234,1.37,1.00
2016.10.27 09:01:26.214,1.71192,1.71234,1.87,1.00
2016.10.27 09:01:26.670,1.71194,1.71234,1.37,1.00
2016.10.27 09:01:27.117,1.71194,1.71236,1.37,1.00
2016.10.27 09:01:27.302,1.71197,1.71241,1.37,1.00
2016.10.27 09:01:27.403,1.71202,1.71242,1.37,1.00
2016.10.27 09:01:27.857,1.712,1.71241,1.12,1.00
2016.10.27 09:01:27.958,1.712,1.71243,1.12,1.00
2016.10.27 09:01:28.009,1.71201,1.7124,1.37,1.00
2016.10.27 09:01:28.060,1.71205,1.7125,1.00,1.12
2016.10.27 09:01:28.111,1.71202,1.71245,1.87,1.00
2016.10.27 09:01:28.162,1.71204,1.71249,1.37,1.00
2016.10.27 09:01:28.263,1.71206,1.71251,1.87,1.00
2016.10.27 09:01:28.314,1.7121,1.7125,1.12,1.00
2016.10.27 09:01:28.635,1.71205,1.71247,1.87,1.00
2016.10.27 09:01:28.686,1.71199,1.71243,1.37,1.00
2016.10.27 09:01:29.343,1.71198,1.71243,1.87,1.00
2016.10.27 09:01:29.958,1.71197,1.71243,3.37,1.00
2016.10.27 09:01:30.616,1.71197,1.71243,1.87,1.00
2016.10.27 09:01:31.008,1.71197,1.71243,1.37,1.00
2016.10.27 09:01:31.220,1.71197,1.7124,1.00,1.00
2016.10.27 09:01:31.321,1.71192,1.7124,2.62,1.00
2016.10.27 09:01:31.372,1.71192,1.71238,2.62,1.00
2016.10.27 09:01:31.523,1.71195,1.71241,1.12,1.00
2016.10.27 09:01:32.068,1.71193,1.71241,1.12,1.00
2016.10.27 09:01:32.119,1.71194,1.71239,1.37,1.00
2016.10.27 09:01:32.329,1.71193,1.71239,1.37,1.00
2016.10.27 09:01:34.294,1.71193,1.71238,1.37,1.00
2016.10.27 09:01:35.180,1.71193,1.71238,1.37,1.00
2016.10.27 09:01:35.710,1.71193,1.71239,1.37,1.00
2016.10.27 09:01:36.234,1.71193,1.71238,1.37,1.00
2016.10.27 09:01:36.738,1.71191,1.71239,1.50,1.00
2016.10.27 09:01:37.206,1.71191,1.71239,1.12,1.00
2016.10.27 09:01:37.758,1.71192,1.71239,1.00,1.00
2016.10.27 09:01:37.809,1.71194,1.71239,1.00,1.00
2016.10.27 09:01:38.312,1.71193,1.71239,1.00,1.00
2016.10.27 09:01:38.673,1.71191,1.71236,1.50,1.00
2016.10.27 09:01:39.011,1.71188,1.71234,1.37,1.00
2016.10.27 09:01:39.065,1.71188,1.71235,1.37,1.00
2016.10.27 09:01:39.466,1.71188,1.71235,1.37,1.00
2016.10.27 09:01:40.022,1.71187,1.71234,1.37,1.00
2016.10.27 09:01:41.093,1.71187,1.71235,1.37,1.00
2016.10.27 09:01:41.930,1.71186,1.71234,1.37,1.00
2016.10.27 09:01:41.981,1.71186,1.71232,1.37,1.00
2016.10.27 09:01:43.325,1.71187,1.71232,1.37,1.00
2016.10.27 09:01:44.195,1.71187,1.71234,1.37,1.00
2016.10.27 09:01:45.519,1.71187,1.71234,1.37,1.00
2016.10.27 09:01:45.742,1.71186,1.71232,1.37,1.00
2016.10.27 09:01:46.046,1.71172,1.71202,1.37,1.00
2016.10.27 09:01:46.097,1.71161,1.71202,1.50,1.00
2016.10.27 09:01:46.148,1.71161,1.71202,1.00,1.00
2016.10.27 09:01:46.199,1.71162,1.71199,1.00,1.00
2016.10.27 09:01:46.401,1.71155,1.71201,1.00,1.00
2016.10.27 09:01:46.783,1.71142,1.71183,1.00,1.00
2016.10.27 09:01:46.934,1.71136,1.71182,1.12,1.00
2016.10.27 09:01:47.359,1.71136,1.71179,1.00,1.00
2016.10.27 09:01:47.792,1.71132,1.71179,1.00,1.00
2016.10.27 09:01:47.843,1.71119,1.71167,1.37,1.00
2016.10.27 09:01:48.146,1.71112,1.71152,1.00,1.00
2016.10.27 09:01:48.248,1.71112,1.71155,1.00,1.00
2016.10.27 09:01:48.450,1.71112,1.71153,1.00,1.00
2016.10.27 09:01:48.865,1.71111,1.71148,1.00,1.00
2016.10.27 09:01:48.918,1.71121,1.71159,1.00,1.00
2016.10.27 09:01:49.019,1.71121,1.71163,1.00,1.00
2016.10.27 09:01:49.120,1.71121,1.71161,1.00,1.00
2016.10.27 09:01:49.222,1.71121,1.71163,1.00,1.00
2016.10.27 09:01:49.323,1.71117,1.71164,1.00,1.00
2016.10.27 09:01:49.752,1.71122,1.71164,1.00,1.00
2016.10.27 09:01:50.619,1.71122,1.71162,1.00,1.00
2016.10.27 09:01:50.670,1.71124,1.71171,1.00,1.00
2016.10.27 09:01:50.721,1.71136,1.71176,1.00,1.37
2016.10.27 09:01:51.100,1.71142,1.7118,1.00,2.25
2016.10.27 09:01:51.154,1.71142,1.71183,1.00,1.00
2016.10.27 09:01:51.255,1.71152,1.71183,1.00,1.00
2016.10.27 09:01:51.305,1.71152,1.71185,1.00,1.00
2016.10.27 09:01:51.779,1.71151,1.71188,1.00,1.00
2016.10.27 09:01:52.032,1.71151,1.71186,1.00,1.00
2016.10.27 09:01:52.654,1.71151,1.71184,1.00,1.00
2016.10.27 09:01:52.705,1.71133,1.7118,1.00,1.00
2016.10.27 09:01:52.865,1.71135,1.7118,1.00,1.00
2016.10.27 09:01:53.323,1.71142,1.7118,1.00,1.00
2016.10.27 09:01:53.676,1.71141,1.71182,1.00,1.00
2016.10.27 09:01:54.767,1.71132,1.7118,1.87,1.00
2016.10.27 09:01:54.918,1.71131,1.71178,2.25,1.00
2016.10.27 09:01:55.221,1.71141,1.7118,1.00,1.00
2016.10.27 09:01:55.271,1.71141,1.71182,1.00,1.00
2016.10.27 09:01:55.423,1.71133,1.7118,1.00,1.00
2016.10.27 09:01:55.473,1.71132,1.71178,1.00,1.00
2016.10.27 09:01:55.887,1.71132,1.71176,1.00,1.00
2016.10.27 09:01:56.139,1.71132,1.71178,1.00,1.00
2016.10.27 09:01:57.733,1.71141,1.71178,1.00,1.00
2016.10.27 09:01:57.784,1.71141,1.71185,1.00,1.00
2016.10.27 09:01:58.036,1.71141,1.71183,1.00,1.00
2016.10.27 09:01:58.340,1.71136,1.71182,1.00,1.00
2016.10.27 09:01:58.493,1.71142,1.71187,1.00,1.37
2016.10.27 09:01:58.887,1.71151,1.71193,1.00,1.00
2016.10.27 09:01:59.038,1.71147,1.71193,1.37,1.00
2016.10.27 09:01:59.140,1.71145,1.71189,1.37,1.00
2016.10.27 09:01:59.241,1.71145,1.71187,1.00,1.00
2016.10.27 09:01:59.293,1.71142,1.71187,1.00,1.00
2016.10.27 09:01:59.990,1.71142,1.71186,1.00,1.00
2016.10.27 09:02:00.152,1.71141,1.71184,1.00,1.00
2016.10.27 09:02:00.670,1.71141,1.71185,1.00,1.00
2016.10.27 09:02:01.429,1.71142,1.71185,1.00,1.00
2016.10.27 09:02:02.261,1.71142,1.71185,1.00,1.37
2016.10.27 09:02:02.798,1.71141,1.71185,1.00,1.12
2016.10.27 09:02:03.743,1.71141,1.71185,1.00,1.37
2016.10.27 09:02:03.918,1.71141,1.71186,1.00,1.00
2016.10.27 09:02:04.070,1.71141,1.71184,1.00,1.00
2016.10.27 09:02:04.679,1.71142,1.71185,1.00,1.00
2016.10.27 09:02:05.230,1.71142,1.71184,1.00,1.00
2016.10.27 09:02:05.432,1.71141,1.71186,1.00,1.00
2016.10.27 09:02:05.483,1.71144,1.71191,1.00,1.37
2016.10.27 09:02:05.534,1.71146,1.71193,1.00,1.50
2016.10.27 09:02:06.007,1.71151,1.71196,1.00,1.37
2016.10.27 09:02:06.060,1.71152,1.71196,1.00,1.00
2016.10.27 09:02:07.358,1.71151,1.71196,1.87,1.00
2016.10.27 09:02:07.409,1.71151,1.71197,1.37,1.00
2016.10.27 09:02:07.788,1.71152,1.71197,1.37,1.00
2016.10.27 09:02:08.090,1.71156,1.71197,1.87,1.00
2016.10.27 09:02:09.312,1.71152,1.71196,1.00,1.37
2016.10.27 09:02:09.418,1.71152,1.71193,1.00,1.37
2016.10.27 09:02:09.469,1.71152,1.71194,1.00,1.00
2016.10.27 09:02:09.695,1.71152,1.71192,1.00,1.00
2016.10.27 09:02:09.745,1.71148,1.71192,1.00,1.00
2016.10.27 09:02:10.006,1.71148,1.71189,1.00,1.00
2016.10.27 09:02:10.107,1.71141,1.71186,2.25,1.00
2016.10.27 09:02:10.526,1.71142,1.71183,1.00,1.00
2016.10.27 09:02:10.829,1.71142,1.71185,1.00,1.00
2016.10.27 09:02:11.768,1.71142,1.71184,1.00,1.00
2016.10.27 09:02:12.816,1.71142,1.71182,1.00,1.00
2016.10.27 09:02:12.868,1.71134,1.71182,1.87,1.00
2016.10.27 09:02:13.446,1.71141,1.71182,1.00,1.00
2016.10.27 09:02:13.497,1.71132,1.7118,1.75,1.00
2016.10.27 09:02:13.693,1.71142,1.7118,1.00,1.00
2016.10.27 09:02:14.367,1.71142,1.71181,1.00,1.12
2016.10.27 09:02:15.225,1.71151,1.71193,1.00,1.12
2016.10.27 09:02:15.276,1.71145,1.71193,1.37,1.00
2016.10.27 09:02:15.377,1.71152,1.71193,1.00,1.00
2016.10.27 09:02:15.478,1.71152,1.71195,1.00,1.00
2016.10.27 09:02:15.680,1.71149,1.71195,1.12,1.00
2016.10.27 09:02:16.316,1.71149,1.71195,1.37,1.00
2016.10.27 09:02:16.367,1.71151,1.71197,1.00,1.00
2016.10.27 09:02:16.957,1.71151,1.71197,1.37,1.00
2016.10.27 09:02:18.167,1.7115,1.71196,1.37,1.00
2016.10.27 09:02:18.704,1.71151,1.71195,1.00,1.00
2016.10.27 09:02:19.628,1.71142,1.71188,1.87,1.00
2016.10.27 09:02:19.779,1.71144,1.7119,1.00,1.00
2016.10.27 09:02:20.365,1.71151,1.71196,1.00,1.37
2016.10.27 09:02:20.726,1.71162,1.71196,1.00,1.37
2016.10.27 09:02:20.777,1.71162,1.712,1.00,1.00
2016.10.27 09:02:21.282,1.71161,1.71201,1.00,1.00
2016.10.27 09:02:21.467,1.71155,1.71201,1.37,1.00
2016.10.27 09:02:22.011,1.71161,1.71201,1.00,1.00
2016.10.27 09:02:24.403,1.71154,1.71202,1.87,1.00
2016.10.27 09:02:24.508,1.71154,1.71202,1.87,1.00
2016.10.27 09:02:24.972,1.71151,1.71196,1.00,1.00
2016.10.27 09:02:25.389,1.71152,1.71198,1.00,1.00
2016.10.27 09:02:25.440,1.71145,1.71191,2.62,1.00
2016.10.27 09:02:25.642,1.71146,1.71193,1.37,1.00
2016.10.27 09:02:26.043,1.71152,1.71193,1.00,1.00
2016.10.27 09:02:26.145,1.71142,1.7119,1.87,1.00
2016.10.27 09:02:26.668,1.71143,1.71189,1.37,1.00
2016.10.27 09:02:26.853,1.71142,1.71188,1.37,1.00
2016.10.27 09:02:27.334,1.71142,1.71186,1.00,1.00
2016.10.27 09:02:27.714,1.7114,1.71186,1.00,1.00
2016.10.27 09:02:28.264,1.7114,1.71185,1.00,1.00
2016.10.27 09:02:28.765,1.7114,1.71186,1.00,1.00
2016.10.27 09:02:29.870,1.71139,1.71186,1.00,1.00
2016.10.27 09:02:29.972,1.71137,1.71184,1.00,1.00
2016.10.27 09:02:30.823,1.71134,1.7118,1.12,1.00
2016.10.27 09:02:31.365,1.71133,1.7118,1.37,1.00
2016.10.27 09:02:31.869,1.71132,1.7118,1.87,1.00
2016.10.27 09:02:33.311,1.71135,1.7118,1.87,1.00
2016.10.27 09:02:33.462,1.71133,1.7118,1.87,1.00
2016.10.27 09:02:33.868,1.71135,1.71181,1.37,1.00
2016.10.27 09:02:34.587,1.71133,1.71179,1.37,1.00
2016.10.27 09:02:34.868,1.71137,1.71183,1.12,1.00
2016.10.27 09:02:35.409,1.71137,1.71182,1.12,1.00
2016.10.27 09:02:35.818,1.71135,1.71183,1.12,1.00
2016.10.27 09:02:35.874,1.71135,1.71181,1.12,1.00
2016.10.27 09:02:36.002,1.71135,1.71183,1.12,1.00
2016.10.27 09:02:36.212,1.71137,1.71182,1.00,1.00
2016.10.27 09:02:36.789,1.71152,1.71189,1.00,1.00
2016.10.27 09:02:36.890,1.71162,1.712,1.00,1.00
2016.10.27 09:02:36.941,1.71162,1.71202,1.00,1.00
2016.10.27 09:02:37.382,1.71156,1.71204,1.37,1.00
2016.10.27 09:02:37.485,1.71156,1.71204,1.12,1.00
2016.10.27 09:02:38.032,1.71161,1.71204,1.00,1.00
2016.10.27 09:02:38.544,1.71161,1.71205,1.00,1.00
2016.10.27 09:02:39.418,1.71161,1.71206,1.00,1.00
2016.10.27 09:02:39.763,1.71161,1.71203,1.00,1.00
2016.10.27 09:02:40.391,1.71158,1.71203,1.37,1.00
2016.10.27 09:02:40.445,1.71157,1.71205,1.37,1.00
2016.10.27 09:02:40.501,1.71159,1.71205,1.00,1.37
2016.10.27 09:02:40.674,1.71161,1.71205,1.00,1.12
2016.10.27 09:02:40.868,1.71159,1.71206,1.00,1.00
2016.10.27 09:02:41.141,1.71161,1.71206,1.00,1.00
2016.10.27 09:02:42.079,1.71161,1.71207,1.00,1.00
2016.10.27 09:02:42.181,1.71165,1.71212,1.00,1.00
2016.10.27 09:02:42.671,1.71163,1.71211,1.87,1.00
2016.10.27 09:02:42.823,1.71163,1.71209,1.50,1.00
2016.10.27 09:02:43.297,1.71159,1.71206,1.00,1.12
2016.10.27 09:02:43.419,1.71157,1.71205,1.12,1.00
2016.10.27 09:02:44.758,1.71158,1.71203,1.00,1.00
2016.10.27 09:02:44.809,1.71157,1.71205,1.00,1.00
2016.10.27 09:02:44.910,1.71157,1.71203,1.00,1.00
2016.10.27 09:02:45.255,1.71156,1.71203,1.87,1.00
2016.10.27 09:02:45.877,1.71157,1.71204,1.37,1.00
2016.10.27 09:02:46.528,1.71157,1.71205,2.62,1.00
2016.10.27 09:02:47.163,1.71158,1.71204,1.00,1.00
2016.10.27 09:02:47.416,1.71159,1.71206,1.37,1.00
2016.10.27 09:02:47.467,1.7116,1.71208,1.37,1.00
2016.10.27 09:02:47.571,1.71165,1.71211,1.00,1.37
2016.10.27 09:02:47.864,1.71168,1.71214,1.00,1.00
2016.10.27 09:02:47.915,1.7117,1.71215,1.00,1.00
2016.10.27 09:02:48.712,1.7117,1.71216,1.00,1.00
2016.10.27 09:02:50.540,1.7117,1.71215,1.00,1.00
2016.10.27 09:02:50.856,1.71172,1.71217,1.00,1.00
2016.10.27 09:02:51.867,1.7117,1.71217,1.00,1.00
2016.10.27 09:02:52.422,1.71169,1.71217,1.00,1.00
2016.10.27 09:02:52.483,1.71171,1.71216,1.00,1.00
2016.10.27 09:02:54.218,1.71169,1.71217,1.00,1.00
2016.10.27 09:02:55.047,1.71171,1.71219,1.00,1.12
2016.10.27 09:02:55.859,1.71171,1.71219,1.37,1.00
2016.10.27 09:02:56.608,1.71172,1.71219,1.00,1.37
2016.10.27 09:02:56.760,1.71172,1.71219,1.00,1.37
2016.10.27 09:02:56.861,1.71174,1.71219,1.00,1.00
2016.10.27 09:02:57.013,1.71175,1.71222,1.00,1.50
2016.10.27 09:02:57.429,1.71177,1.71222,1.00,1.37
2016.10.27 09:02:57.959,1.71176,1.71224,1.00,1.37
2016.10.27 09:02:58.320,1.71173,1.7122,1.37,1.00
2016.10.27 09:02:58.371,1.71173,1.7122,1.37,1.00
2016.10.27 09:02:58.472,1.71172,1.71219,1.50,1.00
2016.10.27 09:02:58.830,1.71173,1.71221,1.00,2.62
2016.10.27 09:02:59.063,1.71173,1.71218,1.00,1.12
2016.10.27 09:02:59.509,1.71173,1.7122,1.00,1.00
2016.10.27 09:02:59.613,1.71175,1.7122,1.00,1.00
2016.10.27 09:02:59.714,1.71173,1.71219,1.00,1.00
2016.10.27 09:02:59.765,1.71178,1.71225,1.00,1.50
2016.10.27 09:02:59.917,1.71182,1.71228,1.00,1.00
2016.10.27 09:03:00.578,1.71183,1.71229,1.00,1.00
2016.10.27 09:03:00.629,1.71183,1.71231,1.00,1.00
2016.10.27 09:03:01.211,1.71184,1.71232,1.00,1.00
2016.10.27 09:03:01.312,1.71179,1.71224,1.00,1.00
2016.10.27 09:03:01.564,1.71179,1.71226,1.00,1.12
2016.10.27 09:03:02.760,1.7119,1.71232,1.00,1.37
2016.10.27 09:03:02.861,1.71192,1.71232,1.50,1.00
2016.10.27 09:03:02.912,1.71192,1.7124,1.00,3.00
2016.10.27 09:03:03.013,1.71191,1.71238,1.00,1.00
2016.10.27 09:03:03.114,1.71191,1.71236,1.00,1.00
2016.10.27 09:03:03.467,1.71192,1.71239,1.00,1.00
2016.10.27 09:03:03.677,1.71192,1.71237,1.00,1.00
2016.10.27 09:03:04.465,1.7119,1.71235,1.00,1.00
2016.10.27 09:03:04.527,1.71187,1.71235,1.00,1.00
2016.10.27 09:03:04.880,1.71189,1.71237,1.00,1.00
2016.10.27 09:03:05.721,1.71188,1.71235,1.00,1.00
2016.10.27 09:03:06.003,1.71189,1.71237,1.00,1.00
2016.10.27 09:03:06.205,1.71191,1.71239,1.00,1.12
2016.10.27 09:03:06.579,1.71191,1.71239,1.00,1.37
2016.10.27 09:03:07.289,1.7119,1.71235,1.00,1.00
2016.10.27 09:03:07.491,1.71188,1.71234,1.00,1.00
2016.10.27 09:03:08.350,1.71187,1.71234,1.00,1.00
2016.10.27 09:03:08.730,1.71186,1.71232,1.00,1.00
2016.10.27 09:03:09.134,1.71183,1.7123,1.37,1.00
2016.10.27 09:03:09.235,1.71181,1.71227,1.00,1.12
2016.10.27 09:03:09.286,1.71183,1.71228,1.00,1.37
2016.10.27 09:03:09.701,1.71181,1.71227,1.00,1.12
2016.10.27 09:03:09.788,1.71179,1.71225,1.00,1.12
2016.10.27 09:03:10.337,1.71179,1.71225,1.00,1.37
2016.10.27 09:03:10.388,1.7117,1.71216,1.00,1.12
2016.10.27 09:03:10.490,1.71172,1.71217,1.00,1.00
2016.10.27 09:03:11.148,1.71171,1.71216,1.00,1.12
2016.10.27 09:03:12.901,1.71171,1.71216,1.00,1.37
2016.10.27 09:03:12.952,1.71169,1.71216,1.00,1.37
2016.10.27 09:03:13.003,1.71168,1.71214,1.00,1.37
2016.10.27 09:03:13.104,1.71167,1.71213,1.00,1.12
2016.10.27 09:03:13.356,1.71167,1.71213,1.00,1.37
2016.10.27 09:03:14.076,1.71167,1.71213,1.00,1.37
2016.10.27 09:03:14.703,1.71167,1.71213,1.00,1.12
2016.10.27 09:03:15.094,1.71166,1.71212,1.00,1.37
2016.10.27 09:03:16.014,1.71167,1.71213,1.00,1.37
2016.10.27 09:03:16.405,1.71165,1.71213,1.00,1.37
2016.10.27 09:03:17.656,1.71165,1.71212,1.00,1.37
2016.10.27 09:03:17.969,1.71165,1.71212,1.00,1.12
2016.10.27 09:03:18.477,1.71166,1.71212,1.00,1.37
2016.10.27 09:03:18.580,1.71166,1.71213,1.00,1.37
2016.10.27 09:03:19.522,1.71165,1.71213,1.00,1.37
2016.10.27 09:03:19.775,1.71165,1.7121,1.00,1.00
2016.10.27 09:03:20.197,1.71164,1.71211,1.00,1.37
2016.10.27 09:03:20.733,1.71164,1.7121,1.00,1.37
2016.10.27 09:03:20.783,1.71165,1.71211,1.00,1.50
2016.10.27 09:03:22.642,1.71166,1.71211,1.00,1.87
2016.10.27 09:03:22.693,1.71163,1.71211,1.37,1.87
2016.10.27 09:03:23.221,1.71163,1.71211,1.00,1.12
2016.10.27 09:03:24.019,1.71163,1.71211,1.37,1.12
2016.10.27 09:03:24.118,1.71169,1.71215,1.00,1.37
2016.10.27 09:03:24.219,1.71168,1.71215,1.12,1.00
2016.10.27 09:03:24.321,1.71169,1.71216,1.37,1.00
2016.10.27 09:03:24.623,1.71175,1.7122,1.00,1.00
2016.10.27 09:03:25.283,1.71175,1.71222,1.00,1.37
2016.10.27 09:03:25.588,1.71175,1.71222,1.00,1.37
2016.10.27 09:03:25.638,1.71174,1.71221,1.00,1.00
2016.10.27 09:03:25.739,1.71174,1.71221,1.00,1.37
2016.10.27 09:03:26.144,1.71175,1.71222,1.00,1.37
2016.10.27 09:03:26.295,1.71178,1.71223,1.00,1.37
2016.10.27 09:03:27.075,1.71189,1.71236,1.00,1.00
2016.10.27 09:03:27.228,1.71191,1.71236,1.00,1.00
2016.10.27 09:03:28.103,1.7119,1.71235,1.00,1.00
2016.10.27 09:03:28.215,1.71188,1.71236,1.00,1.00
2016.10.27 09:03:28.366,1.71201,1.7124,1.00,1.12
2016.10.27 09:03:28.569,1.71208,1.71248,1.00,1.37
2016.10.27 09:03:28.620,1.71202,1.71246,1.00,1.50
2016.10.27 09:03:28.772,1.71212,1.71244,1.00,1.00
2016.10.27 09:03:29.203,1.71205,1.71251,1.00,1.00
2016.10.27 09:03:29.305,1.71208,1.71253,1.00,1.12
2016.10.27 09:03:29.608,1.71214,1.71261,1.00,1.37
2016.10.27 09:03:29.709,1.71212,1.7126,1.00,1.12
2016.10.27 09:03:30.323,1.71211,1.71258,1.00,1.00
2016.10.27 09:03:30.649,1.71213,1.71258,1.00,1.00
2016.10.27 09:03:31.172,1.71212,1.71259,1.50,1.00
2016.10.27 09:03:31.673,1.71212,1.71258,1.00,1.00
2016.10.27 09:03:32.002,1.71214,1.71259,1.00,1.00
2016.10.27 09:03:32.405,1.71217,1.71262,1.00,1.87
2016.10.27 09:03:33.300,1.71216,1.71254,1.00,2.25
2016.10.27 09:03:33.354,1.71205,1.7125,1.00,1.37
2016.10.27 09:03:33.410,1.71202,1.71243,1.00,1.00
2016.10.27 09:03:33.461,1.71194,1.71241,1.00,1.12
2016.10.27 09:03:33.512,1.71192,1.71237,1.00,1.00
2016.10.27 09:03:33.814,1.71191,1.71233,1.00,1.37
2016.10.27 09:03:34.370,1.71192,1.71231,1.00,1.37
2016.10.27 09:03:34.552,1.71185,1.7123,1.00,1.37
2016.10.27 09:03:34.603,1.71182,1.71227,1.50,1.00
2016.10.27 09:03:34.654,1.71182,1.71225,1.00,1.00
2016.10.27 09:03:34.755,1.71178,1.71225,1.00,1.50
2016.10.27 09:03:35.135,1.71181,1.71225,1.00,1.37
2016.10.27 09:03:35.784,1.71181,1.71223,1.00,1.00
2016.10.27 09:03:36.447,1.71181,1.71224,1.00,1.12
2016.10.27 09:03:37.692,1.71181,1.71224,1.00,1.50
2016.10.27 09:03:37.878,1.7119,1.71235,1.00,1.87
2016.10.27 09:03:37.980,1.71192,1.71235,1.00,1.12
2016.10.27 09:03:38.384,1.71194,1.71235,1.00,1.37
2016.10.27 09:03:38.485,1.71194,1.71239,1.00,1.37
2016.10.27 09:03:38.536,1.71197,1.71242,1.00,1.87
2016.10.27 09:03:38.588,1.71197,1.71242,1.00,1.87
2016.10.27 09:03:39.355,1.71204,1.71247,1.00,1.00
2016.10.27 09:03:39.747,1.712,1.71247,1.00,1.50
2016.10.27 09:03:39.797,1.712,1.71247,1.00,1.50
2016.10.27 09:03:40.336,1.71183,1.71221,2.25,1.00
2016.10.27 09:03:40.488,1.71166,1.7121,1.00,1.00
2016.10.27 09:03:40.589,1.71161,1.71206,1.00,1.00
2016.10.27 09:03:40.690,1.71162,1.71204,1.00,1.00
2016.10.27 09:03:40.993,1.71154,1.71201,1.00,1.00
2016.10.27 09:03:41.095,1.71154,1.71199,1.00,1.00
2016.10.27 09:03:41.494,1.71153,1.71197,1.00,1.00
2016.10.27 09:03:41.545,1.71152,1.71199,1.50,1.00
2016.10.27 09:03:42.047,1.71153,1.71198,1.00,1.00
2016.10.27 09:03:42.098,1.71152,1.71195,1.00,1.00
2016.10.27 09:03:42.722,1.71151,1.71192,1.00,1.00
2016.10.27 09:03:43.267,1.71151,1.71193,1.00,1.00
2016.10.27 09:03:43.470,1.71145,1.71191,1.00,1.00
2016.10.27 09:03:43.521,1.71143,1.71189,1.00,1.12
2016.10.27 09:03:43.765,1.71145,1.71192,1.00,1.12
2016.10.27 09:03:44.270,1.71144,1.71191,1.00,1.00
2016.10.27 09:03:44.321,1.71141,1.71186,1.00,1.00
2016.10.27 09:03:45.064,1.71142,1.71187,1.00,1.12
2016.10.27 09:03:45.393,1.71141,1.71185,1.00,1.00
2016.10.27 09:03:45.915,1.71141,1.71187,1.00,1.37
2016.10.27 09:03:46.422,1.71141,1.71186,1.00,1.37
2016.10.27 09:03:47.239,1.71142,1.71184,1.00,1.00
2016.10.27 09:03:47.544,1.71142,1.71174,1.00,1.00
2016.10.27 09:03:47.595,1.71132,1.71174,1.00,1.00
2016.10.27 09:03:47.898,1.71131,1.71172,1.00,1.00
2016.10.27 09:03:49.044,1.71131,1.71171,1.00,1.00
2016.10.27 09:03:49.379,1.71141,1.71174,1.00,1.00
2016.10.27 09:03:50.820,1.71142,1.71174,1.00,1.00
2016.10.27 09:03:51.125,1.71142,1.71172,1.00,1.00
2016.10.27 09:03:51.909,1.71142,1.7118,1.00,1.87
2016.10.27 09:03:52.320,1.71141,1.71183,1.00,1.00
2016.10.27 09:03:52.371,1.71141,1.71181,1.00,1.00
2016.10.27 09:03:53.018,1.71141,1.7118,1.00,1.00
2016.10.27 09:03:53.069,1.71136,1.7118,1.00,1.00
2016.10.27 09:03:53.120,1.71135,1.71182,1.00,1.12
2016.10.27 09:03:53.221,1.71135,1.71182,1.00,1.37
2016.10.27 09:03:53.631,1.71142,1.7118,1.00,1.12
2016.10.27 09:03:53.884,1.71142,1.71182,1.00,1.00
2016.10.27 09:03:54.824,1.71142,1.71181,1.00,1.00
2016.10.27 09:03:55.820,1.71142,1.71182,1.00,1.00
2016.10.27 09:03:58.605,1.71142,1.71185,1.00,1.00
2016.10.27 09:03:58.892,1.7114,1.71185,1.00,1.00
2016.10.27 09:03:59.087,1.71142,1.71185,1.00,1.00
2016.10.27 09:03:59.899,1.71135,1.7118,1.00,1.00
2016.10.27 09:04:00.342,1.71135,1.71179,1.00,1.37
2016.10.27 09:04:01.673,1.71142,1.71179,1.00,1.37
2016.10.27 09:04:01.724,1.71141,1.71182,1.00,1.37
2016.10.27 09:04:02.199,1.71141,1.71182,1.00,1.00
2016.10.27 09:04:02.839,1.71141,1.71183,1.00,1.00
2016.10.27 09:04:03.770,1.71141,1.71184,1.00,1.00
2016.10.27 09:04:04.198,1.71142,1.71187,1.00,1.37
2016.10.27 09:04:04.502,1.71151,1.71186,1.00,1.00
2016.10.27 09:04:05.332,1.71151,1.71188,1.00,1.87
2016.10.27 09:04:05.839,1.71151,1.71182,1.00,1.00
2016.10.27 09:04:05.889,1.71141,1.7118,1.00,1.00
2016.10.27 09:04:05.941,1.71141,1.71178,1.00,1.00
2016.10.27 09:04:06.042,1.71141,1.7118,1.00,1.00
2016.10.27 09:04:06.555,1.71142,1.7118,1.00,1.00
2016.10.27 09:04:06.812,1.71152,1.71181,1.00,1.00
2016.10.27 09:04:06.913,1.71152,1.71183,1.00,1.00
2016.10.27 09:04:07.598,1.71152,1.71185,1.00,1.00
2016.10.27 09:04:07.662,1.71152,1.71182,1.00,1.00
2016.10.27 09:04:08.108,1.71152,1.7118,1.00,1.00
2016.10.27 09:04:08.310,1.71142,1.7118,1.00,1.00
2016.10.27 09:04:08.411,1.71142,1.71185,1.00,1.00
2016.10.27 09:04:08.943,1.71142,1.71186,1.00,1.00
2016.10.27 09:04:09.563,1.71142,1.71187,1.00,1.00
2016.10.27 09:04:09.925,1.71142,1.71185,1.00,1.00
2016.10.27 09:04:10.228,1.71142,1.71181,1.00,1.00
2016.10.27 09:04:10.742,1.71142,1.71179,1.00,1.00
2016.10.27 09:04:10.810,1.71142,1.71183,1.00,1.00
2016.10.27 09:04:10.998,1.71152,1.71183,1.00,1.00
2016.10.27 09:04:11.307,1.71152,1.71181,1.00,1.00
2016.10.27 09:04:11.867,1.71152,1.71177,1.00,1.00
2016.10.27 09:04:12.660,1.71141,1.71178,1.00,1.00
2016.10.27 09:04:13.138,1.71141,1.7118,1.00,1.00
2016.10.27 09:04:13.493,1.71142,1.71177,1.00,1.00
2016.10.27 09:04:14.077,1.71141,1.71176,1.00,1.00
2016.10.27 09:04:14.721,1.71141,1.71177,1.00,1.00
2016.10.27 09:04:14.846,1.71141,1.7118,1.00,1.00
2016.10.27 09:04:15.497,1.71141,1.71181,1.00,1.00
2016.10.27 09:04:15.599,1.71142,1.71179,1.00,1.00
2016.10.27 09:04:16.368,1.71142,1.71181,1.00,1.00
2016.10.27 09:04:16.579,1.71142,1.71177,1.00,1.00
2016.10.27 09:04:16.981,1.71151,1.71177,1.00,1.00
2016.10.27 09:04:17.032,1.71151,1.71179,1.00,1.00
2016.10.27 09:04:17.133,1.71151,1.71181,1.00,1.00
2016.10.27 09:04:17.610,1.71141,1.7118,1.00,1.00
2016.10.27 09:04:18.482,1.71142,1.71181,1.00,1.00
2016.10.27 09:04:19.019,1.71142,1.71182,1.00,1.00
2016.10.27 09:04:19.578,1.71152,1.71182,1.00,1.00
2016.10.27 09:04:19.629,1.71142,1.71178,1.00,1.00
2016.10.27 09:04:19.680,1.71142,1.7118,1.00,1.00
2016.10.27 09:04:19.818,1.71151,1.71179,1.00,1.00
2016.10.27 09:04:19.915,1.71142,1.71179,1.00,1.00
2016.10.27 09:04:20.216,1.71151,1.71179,1.00,1.00
2016.10.27 09:04:20.912,1.71151,1.71184,1.00,1.00
2016.10.27 09:04:20.963,1.71142,1.71184,1.00,1.00
2016.10.27 09:04:21.645,1.71142,1.71188,1.50,1.00
2016.10.27 09:04:21.696,1.71142,1.71186,1.50,1.00
2016.10.27 09:04:22.647,1.71151,1.71188,1.00,1.00
2016.10.27 09:04:23.340,1.71151,1.71187,1.00,1.00
2016.10.27 09:04:23.702,1.71151,1.71189,1.00,1.00
2016.10.27 09:04:24.146,1.71151,1.71185,1.00,1.00
2016.10.27 09:04:24.449,1.71151,1.71187,1.00,1.00
2016.10.27 09:04:24.965,1.71151,1.71188,1.00,1.00
2016.10.27 09:04:25.588,1.71152,1.71191,1.00,1.00
2016.10.27 09:04:25.739,1.71151,1.71189,1.00,1.00
2016.10.27 09:04:26.258,1.71151,1.71191,1.00,1.00
2016.10.27 09:04:26.709,1.71151,1.71193,1.00,1.00
2016.10.27 09:04:27.234,1.71152,1.71194,1.00,1.00
2016.10.27 09:04:27.285,1.71152,1.71191,1.00,1.00
2016.10.27 09:04:28.588,1.71151,1.71191,1.00,1.00
2016.10.27 09:04:28.897,1.71151,1.71189,1.00,1.00
2016.10.27 09:04:29.245,1.71151,1.71191,1.00,1.00
2016.10.27 09:04:29.570,1.71151,1.71188,1.00,1.00
2016.10.27 09:04:30.045,1.71144,1.71188,1.00,1.00
2016.10.27 09:04:30.460,1.71142,1.71187,1.50,1.00
2016.10.27 09:04:30.662,1.71152,1.71188,1.00,1.00
2016.10.27 09:04:31.234,1.71152,1.71189,1.00,1.00
2016.10.27 09:04:32.078,1.71152,1.71191,1.00,1.00
2016.10.27 09:04:32.956,1.71152,1.7119,1.00,1.00
2016.10.27 09:04:33.014,1.71151,1.71195,1.50,1.00
2016.10.27 09:04:33.116,1.71153,1.71197,1.00,1.00
2016.10.27 09:04:33.420,1.71152,1.71199,1.87,1.00
2016.10.27 09:04:34.278,1.71154,1.712,1.00,1.00
2016.10.27 09:04:34.364,1.71152,1.71199,1.87,1.00
2016.10.27 09:04:34.897,1.71153,1.71199,1.00,1.00
2016.10.27 09:04:35.494,1.71152,1.71195,1.12,1.00
2016.10.27 09:04:35.545,1.71147,1.71193,1.00,1.00
2016.10.27 09:04:35.722,1.71142,1.71183,1.00,1.00
2016.10.27 09:04:35.773,1.71139,1.71184,1.00,1.00
2016.10.27 09:04:35.924,1.71136,1.71183,1.12,1.00
2016.10.27 09:04:35.975,1.71142,1.71183,1.00,1.00
2016.10.27 09:04:36.605,1.71137,1.71184,1.37,1.00
2016.10.27 09:04:36.656,1.7114,1.71187,1.00,1.00
2016.10.27 09:04:37.198,1.71141,1.71187,1.12,1.00
2016.10.27 09:04:38.874,1.71142,1.71187,1.00,1.00
2016.10.27 09:04:39.411,1.71142,1.71188,1.00,1.00
2016.10.27 09:04:40.068,1.71142,1.71187,1.00,1.00
2016.10.27 09:04:41.968,1.71142,1.71187,1.37,1.00
2016.10.27 09:04:43.356,1.71142,1.71187,1.00,1.00
2016.10.27 09:04:43.481,1.7114,1.71187,1.00,1.37
2016.10.27 09:04:43.532,1.71143,1.7119,1.00,1.37
2016.10.27 09:04:43.583,1.71143,1.71189,1.37,1.00
2016.10.27 09:04:44.117,1.71145,1.7119,1.00,1.00
2016.10.27 09:04:45.773,1.71143,1.71189,1.00,1.00
2016.10.27 09:04:45.824,1.71147,1.71191,1.00,1.00
2016.10.27 09:04:45.977,1.71146,1.71193,1.12,1.00
2016.10.27 09:04:46.499,1.71151,1.71193,1.00,1.00
2016.10.27 09:04:47.321,1.71151,1.71192,1.00,1.00
2016.10.27 09:04:47.423,1.71151,1.71194,1.00,1.00
2016.10.27 09:04:47.687,1.71151,1.71192,1.00,1.00
2016.10.27 09:04:48.129,1.71151,1.71186,1.00,1.00
2016.10.27 09:04:48.180,1.71141,1.71184,1.00,1.00
2016.10.27 09:04:48.231,1.71141,1.71181,1.00,1.00
2016.10.27 09:04:48.282,1.71141,1.71184,1.00,1.00
2016.10.27 09:04:48.921,1.71142,1.71184,1.00,1.00
2016.10.27 09:04:49.441,1.71138,1.71183,1.00,1.00
2016.10.27 09:04:50.443,1.71141,1.71183,1.00,1.00
2016.10.27 09:04:50.494,1.71137,1.71183,1.00,1.00
2016.10.27 09:04:51.163,1.71141,1.71183,1.00,1.00
2016.10.27 09:04:52.745,1.71141,1.71181,1.00,1.00
2016.10.27 09:04:53.268,1.71141,1.71182,1.00,1.00
2016.10.27 09:04:53.872,1.71141,1.7118,1.00,1.00
2016.10.27 09:04:53.923,1.71137,1.71182,1.00,1.00
2016.10.27 09:04:53.974,1.71134,1.71181,1.00,1.00
2016.10.27 09:04:54.024,1.71131,1.71177,1.00,1.00
2016.10.27 09:04:54.327,1.71123,1.71168,1.00,1.00
2016.10.27 09:04:54.630,1.71121,1.71162,1.00,1.00
2016.10.27 09:04:54.681,1.71115,1.71161,1.37,1.00
2016.10.27 09:04:55.444,1.71118,1.71162,1.00,1.00
2016.10.27 09:04:55.647,1.7112,1.71164,1.00,1.00
2016.10.27 09:04:55.950,1.71117,1.71161,1.00,1.00
2016.10.27 09:04:56.757,1.71116,1.7116,1.00,1.00
2016.10.27 09:04:57.469,1.71116,1.71163,1.00,1.00
2016.10.27 09:04:57.631,1.71117,1.71161,1.00,1.00
2016.10.27 09:04:58.413,1.71118,1.71162,1.00,1.00
2016.10.27 09:04:58.464,1.71116,1.71162,1.00,1.00
2016.10.27 09:04:58.710,1.71114,1.71161,1.00,1.00
2016.10.27 09:04:59.171,1.71116,1.7116,1.00,1.00
2016.10.27 09:05:00.194,1.71115,1.71162,1.00,1.00
2016.10.27 09:05:00.295,1.71118,1.71162,1.00,1.00
2016.10.27 09:05:00.346,1.71117,1.71164,1.00,1.87
2016.10.27 09:05:00.833,1.71119,1.71163,1.00,1.00
2016.10.27 09:05:01.341,1.71118,1.71162,1.00,1.00
2016.10.27 09:05:01.673,1.71118,1.71164,1.00,1.87
2016.10.27 09:05:02.238,1.71118,1.71163,1.00,1.00
2016.10.27 09:05:02.774,1.7112,1.71165,1.00,2.62
2016.10.27 09:05:03.092,1.71122,1.71166,1.00,1.00
2016.10.27 09:05:04.285,1.71121,1.71166,1.00,1.00
2016.10.27 09:05:04.921,1.71119,1.71165,1.00,1.00
2016.10.27 09:05:05.801,1.71119,1.71165,1.00,1.37
2016.10.27 09:05:06.287,1.71118,1.71165,1.00,1.87
2016.10.27 09:05:06.934,1.71119,1.71162,1.00,1.87
2016.10.27 09:05:06.993,1.71116,1.7116,1.00,1.37
2016.10.27 09:05:07.767,1.71112,1.71149,1.00,1.00
2016.10.27 09:05:07.818,1.71103,1.71149,1.37,1.00
2016.10.27 09:05:07.869,1.71101,1.71145,2.25,1.00
2016.10.27 09:05:08.301,1.71102,1.71148,1.00,1.00
2016.10.27 09:05:08.408,1.71102,1.71146,1.50,1.00
2016.10.27 09:05:08.610,1.71108,1.71154,1.00,1.00
2016.10.27 09:05:08.660,1.71111,1.71156,1.00,1.00
2016.10.27 09:05:08.812,1.71114,1.7116,1.00,1.00
2016.10.27 09:05:09.317,1.71115,1.71161,1.00,1.50
2016.10.27 09:05:09.765,1.71117,1.71161,1.00,1.50
2016.10.27 09:05:10.592,1.71116,1.7116,1.00,1.00
2016.10.27 09:05:11.098,1.71116,1.71161,1.00,1.00
2016.10.27 09:05:11.693,1.71118,1.71162,1.00,1.00
2016.10.27 09:05:12.144,1.71113,1.71157,1.00,1.00
2016.10.27 09:05:12.662,1.71113,1.71159,1.00,1.00
2016.10.27 09:05:13.480,1.71112,1.71158,1.00,1.00
2016.10.27 09:05:13.834,1.71124,1.71163,1.00,1.12
2016.10.27 09:05:13.935,1.71124,1.71168,1.00,1.00
2016.10.27 09:05:13.986,1.71122,1.71167,1.00,1.00
2016.10.27 09:05:14.138,1.71126,1.71172,1.00,1.00
2016.10.27 09:05:14.239,1.71128,1.71174,1.00,1.00
2016.10.27 09:05:14.542,1.71131,1.71176,1.00,1.00
2016.10.27 09:05:15.036,1.71134,1.7118,1.00,1.00
2016.10.27 09:05:15.696,1.71133,1.71179,1.37,1.00
2016.10.27 09:05:15.747,1.71135,1.71181,1.12,1.00
2016.10.27 09:05:15.797,1.71135,1.71179,1.12,1.00
2016.10.27 09:05:16.673,1.71152,1.7118,1.00,1.00
2016.10.27 09:05:16.726,1.71152,1.71193,1.00,1.00
2016.10.27 09:05:17.253,1.71152,1.71194,1.00,1.00
2016.10.27 09:05:17.594,1.71152,1.71196,1.00,1.00
2016.10.27 09:05:19.024,1.7115,1.71196,1.00,1.00
2016.10.27 09:05:19.147,1.71152,1.71196,1.00,1.00
2016.10.27 09:05:21.372,1.71152,1.71198,1.12,1.50
2016.10.27 09:05:22.614,1.71152,1.71196,1.50,1.00
2016.10.27 09:05:23.298,1.71154,1.71198,1.37,1.50
2016.10.27 09:05:26.243,1.7115,1.71197,2.62,1.00
2016.10.27 09:05:26.612,1.7115,1.71197,1.12,1.12
2016.10.27 09:05:26.664,1.71149,1.71193,1.37,1.00
2016.10.27 09:05:27.055,1.71145,1.71189,2.62,1.00
2016.10.27 09:05:27.106,1.71143,1.71189,1.00,1.00
2016.10.27 09:05:27.157,1.7114,1.71184,1.37,1.00
2016.10.27 09:05:27.208,1.71137,1.71183,1.00,1.00
2016.10.27 09:05:27.360,1.7114,1.71184,1.00,1.37
2016.10.27 09:05:27.411,1.71138,1.71184,1.00,1.00
2016.10.27 09:05:29.392,1.71139,1.71185,1.00,1.37
2016.10.27 09:05:30.175,1.71139,1.71185,1.00,1.00
2016.10.27 09:05:30.327,1.71156,1.71189,1.00,1.37
2016.10.27 09:05:30.479,1.7116,1.71206,1.00,1.87
2016.10.27 09:05:30.580,1.71159,1.71206,1.00,1.87
2016.10.27 09:05:30.631,1.7116,1.71204,1.00,1.00
2016.10.27 09:05:30.934,1.71154,1.712,1.00,1.00
2016.10.27 09:05:31.035,1.71153,1.71196,1.00,1.00
2016.10.27 09:05:31.409,1.7115,1.71196,1.00,1.50
2016.10.27 09:05:32.147,1.7115,1.71196,1.00,1.37
2016.10.27 09:05:32.969,1.71151,1.71195,1.00,1.12
2016.10.27 09:05:34.114,1.71148,1.71194,1.00,1.00
2016.10.27 09:05:34.216,1.71147,1.71193,1.00,1.37
2016.10.27 09:05:34.700,1.71145,1.71185,1.00,1.00
2016.10.27 09:05:35.731,1.71145,1.71186,1.00,1.12
2016.10.27 09:05:36.265,1.71139,1.71175,1.00,1.00
2016.10.27 09:05:36.316,1.71137,1.71175,1.00,1.00
2016.10.27 09:05:36.367,1.71135,1.71172,1.00,1.00
2016.10.27 09:05:36.418,1.71132,1.71172,1.00,1.00
2016.10.27 09:05:36.469,1.71126,1.7117,1.37,1.50
2016.10.27 09:05:36.520,1.71126,1.7117,1.00,1.50
2016.10.27 09:05:36.570,1.71125,1.71166,1.00,1.00
2016.10.27 09:05:36.621,1.71123,1.71166,1.00,1.12
2016.10.27 09:05:36.672,1.7112,1.71165,1.00,1.00
2016.10.27 09:05:36.774,1.7112,1.71158,1.00,1.00
2016.10.27 09:05:37.254,1.71118,1.71154,1.00,1.00
2016.10.27 09:05:37.462,1.71119,1.71158,1.00,1.00
2016.10.27 09:05:37.564,1.7112,1.71156,1.00,1.00
2016.10.27 09:05:37.614,1.71117,1.71156,1.00,1.00
2016.10.27 09:05:37.867,1.71117,1.71154,1.00,1.00
2016.10.27 09:05:38.072,1.71119,1.7116,1.00,1.00
2016.10.27 09:05:38.862,1.71119,1.71158,1.00,1.00
2016.10.27 09:05:39.375,1.7112,1.71159,1.00,1.00
2016.10.27 09:05:40.159,1.71119,1.71158,1.00,1.00
2016.10.27 09:05:40.269,1.71116,1.71158,1.12,1.00
2016.10.27 09:05:40.320,1.71118,1.71158,1.00,1.00
2016.10.27 09:05:40.848,1.71119,1.71158,1.00,1.00
2016.10.27 09:05:43.185,1.71119,1.7116,1.00,1.00
2016.10.27 09:05:43.575,1.71119,1.71163,1.00,1.87
2016.10.27 09:05:44.256,1.71119,1.71162,1.00,1.00
2016.10.27 09:05:44.810,1.71119,1.71161,1.00,1.00
2016.10.27 09:05:45.313,1.7112,1.71161,1.00,1.12
2016.10.27 09:05:45.760,1.7112,1.71156,1.00,1.00
2016.10.27 09:05:46.298,1.7112,1.71157,1.00,1.00
2016.10.27 09:05:46.911,1.7112,1.71157,1.00,1.37
2016.10.27 09:05:46.998,1.71115,1.71157,1.00,1.37
2016.10.27 09:05:47.196,1.71115,1.71156,1.00,1.87
2016.10.27 09:05:47.298,1.71115,1.71157,1.00,1.37
2016.10.27 09:05:47.349,1.71113,1.71153,1.00,1.00
2016.10.27 09:05:47.450,1.71111,1.71152,1.00,1.00
2016.10.27 09:05:47.702,1.71113,1.71152,1.00,1.00
2016.10.27 09:05:48.216,1.71111,1.71148,1.00,1.00
2016.10.27 09:05:48.266,1.71111,1.7115,1.00,1.00
2016.10.27 09:05:50.046,1.71111,1.71149,1.00,1.00
2016.10.27 09:05:50.827,1.71112,1.71149,1.00,1.00
2016.10.27 09:05:51.467,1.71121,1.71158,1.00,1.00
2016.10.27 09:05:51.619,1.71127,1.71166,1.00,1.37
2016.10.27 09:05:51.670,1.71127,1.71167,1.00,1.00
2016.10.27 09:05:51.721,1.71125,1.71167,1.00,1.00
2016.10.27 09:05:51.822,1.71125,1.7117,1.00,1.37
2016.10.27 09:05:51.873,1.71125,1.71164,1.00,1.00
2016.10.27 09:05:51.974,1.71125,1.71166,1.00,1.00
2016.10.27 09:05:52.075,1.71125,1.71168,1.00,1.00
2016.10.27 09:05:52.177,1.71125,1.71171,1.00,1.87
2016.10.27 09:05:52.720,1.71127,1.71171,1.00,1.50
2016.10.27 09:05:54.512,1.71126,1.7117,1.00,1.00
2016.10.27 09:05:55.024,1.71126,1.71171,1.00,1.00
2016.10.27 09:05:55.471,1.71128,1.71174,1.00,1.87
2016.10.27 09:05:56.087,1.71128,1.71174,1.00,1.87
2016.10.27 09:05:56.437,1.7113,1.71174,1.00,1.87
2016.10.27 09:05:57.124,1.71129,1.71173,1.00,1.37
2016.10.27 09:05:57.388,1.71129,1.71173,1.00,1.37
2016.10.27 09:05:58.030,1.71134,1.71175,1.00,1.37
2016.10.27 09:05:58.131,1.71135,1.71178,1.00,1.37
2016.10.27 09:05:58.572,1.71134,1.7118,1.00,1.87
2016.10.27 09:05:59.088,1.71134,1.7118,1.00,1.87
2016.10.27 09:05:59.873,1.71136,1.7118,1.00,1.37
2016.10.27 09:06:00.135,1.71138,1.71182,1.00,2.62
2016.10.27 09:06:00.268,1.71136,1.71182,1.00,1.87
2016.10.27 09:06:00.947,1.71137,1.71183,1.00,1.00
2016.10.27 09:06:01.457,1.71138,1.71184,1.00,1.00
2016.10.27 09:06:01.508,1.7114,1.71184,1.00,1.00
2016.10.27 09:06:01.812,1.71137,1.71183,1.00,1.00
2016.10.27 09:06:02.248,1.71137,1.71181,1.00,1.00
2016.10.27 09:06:02.896,1.71138,1.71182,1.00,1.12
2016.10.27 09:06:03.441,1.71138,1.71182,1.00,1.37
2016.10.27 09:06:03.747,1.71137,1.71183,1.00,1.37
2016.10.27 09:06:04.199,1.71139,1.71183,1.00,1.37
2016.10.27 09:06:04.599,1.71138,1.71182,1.00,2.62
2016.10.27 09:06:05.360,1.71136,1.71182,1.00,1.37
2016.10.27 09:06:05.984,1.71133,1.71178,1.00,1.87
2016.10.27 09:06:06.040,1.71128,1.71174,1.00,2.62
2016.10.27 09:06:06.242,1.71127,1.71171,1.00,1.87
2016.10.27 09:06:06.444,1.71125,1.71169,1.00,1.37
2016.10.27 09:06:07.241,1.71126,1.71172,1.00,1.37
2016.10.27 09:06:07.462,1.71126,1.71172,1.00,1.37
2016.10.27 09:06:08.588,1.71126,1.71169,1.00,1.87
2016.10.27 09:06:08.689,1.71125,1.71171,1.00,1.37
2016.10.27 09:06:10.066,1.71122,1.71166,1.50,1.87
2016.10.27 09:06:10.550,1.71123,1.71166,1.00,1.00
2016.10.27 09:06:10.601,1.71125,1.71169,1.00,1.37
2016.10.27 09:06:11.870,1.71128,1.71171,1.00,1.37
2016.10.27 09:06:12.456,1.71128,1.71171,1.00,1.37
2016.10.27 09:06:12.507,1.71132,1.71174,1.00,1.87
2016.10.27 09:06:12.659,1.71132,1.71176,1.00,1.87
2016.10.27 09:06:13.136,1.71134,1.71178,1.00,2.62
2016.10.27 09:06:13.194,1.71134,1.71178,1.00,1.37
2016.10.27 09:06:13.670,1.71132,1.71178,1.00,1.37
2016.10.27 09:06:13.772,1.71134,1.71177,1.00,1.37
2016.10.27 09:06:13.823,1.71132,1.71177,1.00,1.37
2016.10.27 09:06:13.927,1.7113,1.71173,1.00,1.37
2016.10.27 09:06:13.978,1.71126,1.7117,1.00,1.37
2016.10.27 09:06:14.281,1.71124,1.7117,1.00,1.37
2016.10.27 09:06:14.721,1.71124,1.7117,1.00,1.37
2016.10.27 09:06:15.298,1.71123,1.71168,1.00,1.00
2016.10.27 09:06:15.501,1.71123,1.71167,1.00,1.37
2016.10.27 09:06:16.051,1.71123,1.71167,1.00,1.37
2016.10.27 09:06:16.292,1.71121,1.71167,1.50,1.37
2016.10.27 09:06:16.849,1.71122,1.71168,1.00,1.37
2016.10.27 09:06:17.292,1.71122,1.71168,1.00,1.00
2016.10.27 09:06:17.771,1.71122,1.71165,1.00,1.00
2016.10.27 09:06:17.872,1.7112,1.71164,1.00,1.12
2016.10.27 09:06:18.075,1.71122,1.71163,1.00,1.12
2016.10.27 09:06:18.938,1.71122,1.71164,1.00,1.12
2016.10.27 09:06:21.310,1.71123,1.71167,1.00,1.37
2016.10.27 09:06:22.454,1.71122,1.71165,1.00,1.37
2016.10.27 09:06:23.562,1.71122,1.71168,1.50,2.62
2016.10.27 09:06:23.977,1.71122,1.71166,1.00,1.87
2016.10.27 09:06:24.213,1.71122,1.71168,1.00,3.37
2016.10.27 09:06:24.577,1.71118,1.71164,1.00,1.37
2016.10.27 09:06:24.627,1.7112,1.71164,1.00,1.37
2016.10.27 09:06:25.430,1.71118,1.71164,1.00,1.37
2016.10.27 09:06:25.635,1.71112,1.71155,1.00,1.00
2016.10.27 09:06:25.787,1.7111,1.71153,1.37,1.00
2016.10.27 09:06:25.838,1.71106,1.7115,1.00,1.00
2016.10.27 09:06:25.939,1.71102,1.71142,1.00,1.00
2016.10.27 09:06:25.990,1.71099,1.71145,1.00,1.00
2016.10.27 09:06:26.041,1.71097,1.71139,1.00,1.00
2016.10.27 09:06:26.143,1.71093,1.71139,1.87,1.00
2016.10.27 09:06:26.636,1.71093,1.71137,1.37,1.00
2016.10.27 09:06:26.792,1.71094,1.71139,1.37,1.00
2016.10.27 09:06:27.340,1.71094,1.71138,1.00,1.00
2016.10.27 09:06:28.117,1.71091,1.71137,2.25,1.12
2016.10.27 09:06:29.625,1.71092,1.71135,1.00,1.00
2016.10.27 09:06:30.062,1.71097,1.71141,1.00,1.37
2016.10.27 09:06:30.163,1.71098,1.71144,1.00,1.87
2016.10.27 09:06:30.213,1.711,1.71144,1.00,1.37
2016.10.27 09:06:30.264,1.711,1.71146,1.00,1.12
2016.10.27 09:06:30.804,1.71099,1.71145,1.00,1.00
2016.10.27 09:06:31.332,1.71103,1.71147,1.00,1.00
2016.10.27 09:06:31.642,1.71103,1.71146,1.00,1.37
2016.10.27 09:06:31.693,1.711,1.71146,1.00,1.37
2016.10.27 09:06:31.762,1.71097,1.71142,1.12,1.00
2016.10.27 09:06:32.103,1.71097,1.7114,1.00,1.37
2016.10.27 09:06:32.204,1.71095,1.71141,1.00,1.37
2016.10.27 09:06:33.170,1.71095,1.71138,1.00,1.00
2016.10.27 09:06:33.271,1.71101,1.71146,1.50,1.87
2016.10.27 09:06:33.473,1.71111,1.71155,1.37,1.00
2016.10.27 09:06:34.021,1.71111,1.71155,1.00,1.12
2016.10.27 09:06:34.908,1.7112,1.7116,1.00,1.87
2016.10.27 09:06:35.015,1.71122,1.71166,1.00,1.00
2016.10.27 09:06:35.175,1.71126,1.71171,1.00,1.37
2016.10.27 09:06:35.428,1.71131,1.71177,1.00,1.00
2016.10.27 09:06:35.479,1.71134,1.71179,1.00,1.00
2016.10.27 09:06:35.782,1.71143,1.71187,1.00,1.00
2016.10.27 09:06:36.660,1.71144,1.71188,1.00,1.00
2016.10.27 09:06:37.163,1.71143,1.71189,1.00,1.00
2016.10.27 09:06:37.783,1.71144,1.71187,1.00,1.00
2016.10.27 09:06:37.885,1.71142,1.71186,1.50,1.00
2016.10.27 09:06:38.516,1.71142,1.71187,1.00,1.00
2016.10.27 09:06:38.666,1.71144,1.7119,1.00,1.00
2016.10.27 09:06:38.898,1.71146,1.71189,1.00,1.00
2016.10.27 09:06:39.284,1.7115,1.71193,1.00,1.00
2016.10.27 09:06:39.370,1.71149,1.71195,1.00,1.12
2016.10.27 09:06:40.596,1.7115,1.71196,1.00,1.87
2016.10.27 09:06:40.972,1.71152,1.71196,1.00,1.00
2016.10.27 09:06:42.575,1.71152,1.71196,1.00,1.37
2016.10.27 09:06:43.000,1.7115,1.71196,1.50,1.37
2016.10.27 09:06:43.821,1.71151,1.71195,1.00,1.37
2016.10.27 09:06:44.417,1.7115,1.71196,1.50,1.37
2016.10.27 09:06:44.468,1.7115,1.71193,1.00,1.00
2016.10.27 09:06:45.095,1.71149,1.71194,1.00,1.00
2016.10.27 09:06:46.275,1.71151,1.71195,1.00,1.12
2016.10.27 09:06:46.884,1.71152,1.71195,1.00,1.00
2016.10.27 09:06:48.473,1.71151,1.71195,1.50,1.00
2016.10.27 09:06:49.284,1.71151,1.71197,1.50,1.12
2016.10.27 09:06:49.435,1.71153,1.71196,1.00,1.00
2016.10.27 09:06:49.976,1.71152,1.71196,1.00,1.12
2016.10.27 09:06:50.520,1.71152,1.71197,1.00,1.00
2016.10.27 09:06:51.530,1.71153,1.71199,1.00,1.37
2016.10.27 09:06:52.023,1.71162,1.71202,1.00,1.12
2016.10.27 09:06:52.528,1.71162,1.71205,1.00,1.37
2016.10.27 09:06:53.681,1.71162,1.71205,1.00,1.37
2016.10.27 09:06:55.075,1.71159,1.71198,1.00,1.87
2016.10.27 09:06:55.127,1.71152,1.71194,1.00,1.37
2016.10.27 09:06:55.719,1.71151,1.71195,1.00,1.37
2016.10.27 09:06:56.840,1.71152,1.71195,1.00,1.37
2016.10.27 09:06:57.377,1.71152,1.71195,1.00,1.37
2016.10.27 09:06:57.828,1.71152,1.71195,1.00,1.37
2016.10.27 09:06:58.447,1.71152,1.71195,1.00,1.37
2016.10.27 09:07:00.434,1.71152,1.71195,1.00,1.37
2016.10.27 09:07:00.691,1.71143,1.71183,1.50,1.12
2016.10.27 09:07:00.742,1.71143,1.71179,1.00,1.12
2016.10.27 09:07:00.793,1.71133,1.71179,1.00,1.12
2016.10.27 09:07:00.895,1.71132,1.71176,1.00,1.00
2016.10.27 09:07:01.047,1.71135,1.71181,1.00,1.00
2016.10.27 09:07:01.570,1.71152,1.71181,1.00,1.00
2016.10.27 09:07:01.621,1.71152,1.71193,1.00,1.00
2016.10.27 09:07:01.723,1.71145,1.71191,1.00,1.00
2016.10.27 09:07:01.824,1.71144,1.71188,1.00,1.00
2016.10.27 09:07:01.875,1.71142,1.71188,1.50,1.00
2016.10.27 09:07:02.331,1.71139,1.71185,1.00,1.00
2016.10.27 09:07:03.117,1.71138,1.71184,1.00,1.00
2016.10.27 09:07:03.767,1.71147,1.71188,1.00,1.00
2016.10.27 09:07:03.818,1.71145,1.71188,1.00,1.00
2016.10.27 09:07:03.869,1.71145,1.71191,1.00,1.00
2016.10.27 09:07:03.970,1.71147,1.71191,1.00,1.00
2016.10.27 09:07:04.333,1.71152,1.71191,1.37,1.00
2016.10.27 09:07:04.384,1.71157,1.71201,1.12,1.00
2016.10.27 09:07:05.065,1.71158,1.71204,1.00,1.00
2016.10.27 09:07:05.116,1.71161,1.71204,1.00,1.00
2016.10.27 09:07:05.732,1.71171,1.71205,1.00,1.00
2016.10.27 09:07:05.782,1.71162,1.71206,1.00,1.12
2016.10.27 09:07:05.999,1.71172,1.71206,1.00,1.00
2016.10.27 09:07:06.684,1.71172,1.71205,1.00,1.00
2016.10.27 09:07:07.609,1.71161,1.71205,1.50,1.00
2016.10.27 09:07:07.660,1.71161,1.71207,1.50,1.12
2016.10.27 09:07:07.910,1.71172,1.71207,1.00,1.00
2016.10.27 09:07:08.112,1.71172,1.71209,1.00,1.12
2016.10.27 09:07:08.958,1.71166,1.71212,1.00,1.00
2016.10.27 09:07:09.479,1.71165,1.71211,1.00,1.00
2016.10.27 09:07:10.205,1.71166,1.71212,1.00,1.37
2016.10.27 09:07:10.256,1.71174,1.71218,1.00,1.37
2016.10.27 09:07:10.957,1.71177,1.71221,1.00,1.37
2016.10.27 09:07:11.108,1.71178,1.71222,1.00,1.37
2016.10.27 09:07:11.824,1.71179,1.71223,1.00,1.87
2016.10.27 09:07:12.185,1.71179,1.71222,1.00,1.87
2016.10.27 09:07:12.804,1.71176,1.7122,1.00,1.37
2016.10.27 09:07:12.856,1.71166,1.71209,1.00,1.00
2016.10.27 09:07:12.907,1.71163,1.71207,1.00,1.87
2016.10.27 09:07:13.285,1.71165,1.71209,1.00,1.12
2016.10.27 09:07:13.914,1.71164,1.71208,1.00,1.37
2016.10.27 09:07:14.015,1.71164,1.71208,1.00,1.00
2016.10.27 09:07:14.066,1.71166,1.7121,1.00,1.50
2016.10.27 09:07:14.217,1.71166,1.71212,1.00,1.00
2016.10.27 09:07:14.659,1.7117,1.71216,1.00,1.00
2016.10.27 09:07:16.787,1.71171,1.71217,1.00,1.00
2016.10.27 09:07:17.587,1.71172,1.71218,1.00,1.00
2016.10.27 09:07:18.377,1.71176,1.71212,1.00,1.00
2016.10.27 09:07:18.427,1.71166,1.71209,1.00,1.00
2016.10.27 09:07:18.602,1.71165,1.71211,1.00,1.12
2016.10.27 09:07:18.848,1.71174,1.71215,1.00,1.37
2016.10.27 09:07:19.051,1.71183,1.71223,1.00,1.00
2016.10.27 09:07:19.102,1.71185,1.71229,1.00,1.75
2016.10.27 09:07:19.477,1.71186,1.7123,1.00,1.37
2016.10.27 09:07:19.571,1.71183,1.71227,1.00,1.00
2016.10.27 09:07:19.774,1.71183,1.71229,1.00,1.12
2016.10.27 09:07:20.116,1.71183,1.71229,1.00,1.37
2016.10.27 09:07:20.631,1.71185,1.71229,1.00,1.00
2016.10.27 09:07:20.682,1.71187,1.71233,1.00,1.37
2016.10.27 09:07:20.833,1.71186,1.71232,1.00,1.12
2016.10.27 09:07:21.022,1.71189,1.71233,1.00,1.37
2016.10.27 09:07:21.350,1.71181,1.71225,1.00,1.12
2016.10.27 09:07:21.822,1.71178,1.71224,1.00,1.87
2016.10.27 09:07:21.873,1.71178,1.71224,1.00,1.87
2016.10.27 09:07:22.177,1.7118,1.71223,1.00,1.37
2016.10.27 09:07:22.354,1.71181,1.71224,1.00,1.12
2016.10.27 09:07:23.214,1.71191,1.71231,1.00,1.87
2016.10.27 09:07:23.265,1.71191,1.71231,1.00,1.00
2016.10.27 09:07:23.366,1.71189,1.71234,1.00,1.37
2016.10.27 09:07:23.518,1.71191,1.71234,1.00,1.37
2016.10.27 09:07:24.333,1.71191,1.71235,1.00,1.87
2016.10.27 09:07:25.307,1.71183,1.71226,1.00,1.00
2016.10.27 09:07:25.358,1.71179,1.71224,1.00,1.87
2016.10.27 09:07:25.756,1.71176,1.71222,1.00,1.37
2016.10.27 09:07:26.175,1.71176,1.71219,1.00,1.37
2016.10.27 09:07:26.454,1.71176,1.7122,1.00,1.37
2016.10.27 09:07:26.853,1.71178,1.71221,1.00,1.37
2016.10.27 09:07:26.905,1.71178,1.71222,1.00,1.50
2016.10.27 09:07:27.446,1.71178,1.71222,1.00,1.37
2016.10.27 09:07:28.109,1.71177,1.7122,1.00,1.87
2016.10.27 09:07:28.485,1.71174,1.7122,1.00,3.37
2016.10.27 09:07:28.693,1.71175,1.71218,1.00,1.87
2016.10.27 09:07:29.252,1.71175,1.7122,1.00,2.62
2016.10.27 09:07:30.155,1.71176,1.7122,1.00,2.62
2016.10.27 09:07:30.261,1.71179,1.7122,1.00,1.87
2016.10.27 09:07:30.473,1.71175,1.71218,1.00,1.87
2016.10.27 09:07:30.789,1.71175,1.71216,1.00,1.87
2016.10.27 09:07:30.890,1.71175,1.7122,1.00,1.87
2016.10.27 09:07:31.444,1.71175,1.71216,1.00,1.87
2016.10.27 09:07:31.733,1.71172,1.71216,1.00,2.62
2016.10.27 09:07:31.784,1.71169,1.71214,1.50,1.87
2016.10.27 09:07:31.886,1.71162,1.71206,1.37,1.37
2016.10.27 09:07:31.987,1.71161,1.71205,1.00,2.62
2016.10.27 09:07:32.088,1.71161,1.71205,1.00,1.37
2016.10.27 09:07:33.364,1.71161,1.71205,1.00,1.87
2016.10.27 09:07:33.915,1.71162,1.71205,1.00,1.00
2016.10.27 09:07:33.966,1.71162,1.71208,1.00,1.87
2016.10.27 09:07:34.826,1.71162,1.71208,1.00,1.87
2016.10.27 09:07:35.368,1.71162,1.71208,1.00,1.50
2016.10.27 09:07:36.380,1.71162,1.71208,1.00,1.87
2016.10.27 09:07:36.928,1.71162,1.71206,1.50,1.00
2016.10.27 09:07:37.552,1.71163,1.71206,1.00,1.50
2016.10.27 09:07:39.292,1.71163,1.71206,1.00,1.87
2016.10.27 09:07:39.784,1.71163,1.71206,1.00,1.87
2016.10.27 09:07:40.316,1.71162,1.71206,1.00,1.37
2016.10.27 09:07:40.684,1.71163,1.71206,1.00,2.62
2016.10.27 09:07:40.997,1.71154,1.712,1.75,1.37
2016.10.27 09:07:41.098,1.71151,1.71196,1.37,1.37
2016.10.27 09:07:41.200,1.7115,1.71194,1.00,1.37
2016.10.27 09:07:42.159,1.7115,1.71194,1.00,1.37
2016.10.27 09:07:42.214,1.71154,1.71194,1.00,1.00
2016.10.27 09:07:42.322,1.71155,1.71196,1.00,1.00
2016.10.27 09:07:42.604,1.71155,1.71198,1.00,1.00
2016.10.27 09:07:43.297,1.71156,1.71198,1.00,1.00
2016.10.27 09:07:43.778,1.71154,1.71198,1.00,1.12
2016.10.27 09:07:44.338,1.71155,1.71198,1.00,1.00
2016.10.27 09:07:44.832,1.71155,1.71195,1.00,1.00
2016.10.27 09:07:44.883,1.71152,1.71195,1.00,1.37
2016.10.27 09:07:45.413,1.71153,1.71195,1.00,1.37
2016.10.27 09:07:46.277,1.71153,1.71196,1.00,1.87
2016.10.27 09:07:48.129,1.71153,1.71196,1.00,1.87
2016.10.27 09:07:49.160,1.71153,1.71196,1.00,1.37
2016.10.27 09:07:49.952,1.71152,1.71196,1.00,1.87
2016.10.27 09:07:52.436,1.71152,1.71196,1.00,1.37
2016.10.27 09:07:52.537,1.71152,1.71196,1.00,1.37
2016.10.27 09:07:55.834,1.71148,1.71192,1.00,1.00
2016.10.27 09:07:55.885,1.71146,1.7119,1.50,1.12
2016.10.27 09:07:55.936,1.71144,1.7119,1.00,1.12
2016.10.27 09:07:55.987,1.71142,1.71188,1.50,1.37
2016.10.27 09:07:56.433,1.71141,1.71187,1.00,1.37
2016.10.27 09:07:56.954,1.7114,1.71184,1.00,1.37
2016.10.27 09:07:57.880,1.7114,1.71184,1.00,1.37
2016.10.27 09:07:58.285,1.71142,1.71186,1.00,1.12
2016.10.27 09:07:58.386,1.71146,1.7119,1.00,1.37
2016.10.27 09:07:58.719,1.71149,1.71193,1.00,1.12
2016.10.27 09:07:58.770,1.71146,1.71192,1.00,1.00
2016.10.27 09:07:59.139,1.71145,1.71186,1.00,1.00
2016.10.27 09:07:59.194,1.71138,1.71184,1.00,1.12
2016.10.27 09:07:59.295,1.71138,1.71182,1.00,1.00
2016.10.27 09:07:59.797,1.71137,1.71181,1.00,1.00
2016.10.27 09:08:00.325,1.71137,1.71182,1.00,1.37
2016.10.27 09:08:00.829,1.71136,1.7118,1.00,1.12
2016.10.27 09:08:01.790,1.71138,1.71183,1.00,1.12
2016.10.27 09:08:02.248,1.7114,1.71184,1.00,1.37
2016.10.27 09:08:02.400,1.71142,1.71187,1.00,1.12
2016.10.27 09:08:03.584,1.71142,1.71188,1.00,1.87
2016.10.27 09:08:03.662,1.71145,1.71189,1.00,1.00
2016.10.27 09:08:04.087,1.71148,1.71192,1.00,1.00
2016.10.27 09:08:04.138,1.71151,1.71196,1.00,1.00
2016.10.27 09:08:04.290,1.71153,1.71197,1.00,1.12
2016.10.27 09:08:05.781,1.71151,1.71197,1.50,1.00
2016.10.27 09:08:06.380,1.71162,1.71208,1.00,1.00
2016.10.27 09:08:06.683,1.71168,1.71214,1.00,1.37
2016.10.27 09:08:07.021,1.71172,1.71215,1.00,1.00
2016.10.27 09:08:07.571,1.71192,1.71227,1.00,1.12
2016.10.27 09:08:07.626,1.71191,1.71235,1.00,1.75
2016.10.27 09:08:07.677,1.71191,1.71234,1.00,1.37
2016.10.27 09:08:07.728,1.71189,1.71232,1.00,1.12
2016.10.27 09:08:08.022,1.7119,1.71234,1.00,1.00
2016.10.27 09:08:08.724,1.71186,1.71232,1.00,1.00
2016.10.27 09:08:08.825,1.71183,1.71229,1.00,1.00
2016.10.27 09:08:09.388,1.71181,1.71225,1.00,1.50
2016.10.27 09:08:09.692,1.71172,1.71216,1.00,1.00
2016.10.27 09:08:10.129,1.71166,1.71209,1.37,1.00
2016.10.27 09:08:10.180,1.71166,1.71212,1.37,1.00
2016.10.27 09:08:10.281,1.71167,1.7121,1.00,1.50
2016.10.27 09:08:10.382,1.71161,1.71207,1.37,1.00
2016.10.27 09:08:10.483,1.71161,1.71205,1.12,1.00
2016.10.27 09:08:10.735,1.71163,1.71209,1.00,1.00
2016.10.27 09:08:11.238,1.71165,1.71209,1.00,1.00
2016.10.27 09:08:11.339,1.71163,1.71209,1.00,1.00
2016.10.27 09:08:11.671,1.71154,1.71188,1.37,1.00
2016.10.27 09:08:11.722,1.71154,1.7119,1.00,1.00
2016.10.27 09:08:11.773,1.71151,1.71194,1.00,1.37
2016.10.27 09:08:11.874,1.71152,1.71194,1.00,1.00
2016.10.27 09:08:11.975,1.71153,1.71199,1.00,1.37
2016.10.27 09:08:12.077,1.71152,1.71198,1.00,1.00
2016.10.27 09:08:12.866,1.71153,1.71199,1.00,1.00
2016.10.27 09:08:13.726,1.71151,1.71197,1.00,1.00
2016.10.27 09:08:14.489,1.71139,1.71183,1.00,1.00
2016.10.27 09:08:15.271,1.71142,1.71188,1.00,1.00
2016.10.27 09:08:15.423,1.71144,1.71189,1.00,1.00
2016.10.27 09:08:15.993,1.71146,1.71189,1.00,1.00
2016.10.27 09:08:16.527,1.71147,1.71189,1.00,1.00
2016.10.27 09:08:17.033,1.71146,1.71189,1.00,1.00
2016.10.27 09:08:17.695,1.71145,1.71189,1.00,1.00
2016.10.27 09:08:18.206,1.71146,1.71189,1.00,1.00
2016.10.27 09:08:18.257,1.71142,1.71188,1.00,1.00
2016.10.27 09:08:18.307,1.71144,1.71188,1.00,1.00
2016.10.27 09:08:18.424,1.71141,1.71187,1.00,1.00
2016.10.27 09:08:18.475,1.71139,1.71183,1.00,1.00
2016.10.27 09:08:19.089,1.71138,1.71182,1.00,1.00
2016.10.27 09:08:19.312,1.71135,1.71181,1.00,1.00
2016.10.27 09:08:19.363,1.71137,1.71181,1.00,1.00
2016.10.27 09:08:20.061,1.71136,1.7118,1.00,1.00
2016.10.27 09:08:21.144,1.71132,1.71178,1.00,1.00
2016.10.27 09:08:21.895,1.71131,1.71177,1.00,1.00
2016.10.27 09:08:21.996,1.71133,1.71177,1.00,1.12
2016.10.27 09:08:22.493,1.7113,1.71176,1.00,1.12
2016.10.27 09:08:23.564,1.71132,1.71176,1.00,1.00
2016.10.27 09:08:23.614,1.71132,1.71178,1.00,1.12
2016.10.27 09:08:23.718,1.71134,1.71178,1.00,1.12
2016.10.27 09:08:24.398,1.71129,1.71173,1.00,1.00
2016.10.27 09:08:24.926,1.71129,1.71174,1.00,1.00
2016.10.27 09:08:25.458,1.71129,1.71173,1.00,1.00
2016.10.27 09:08:27.860,1.71128,1.71172,1.00,1.00
2016.10.27 09:08:29.966,1.71123,1.71167,1.00,1.00
2016.10.27 09:08:30.169,1.7112,1.71167,1.00,1.37
2016.10.27 09:08:30.219,1.71119,1.71164,1.00,1.00
2016.10.27 09:08:30.571,1.71121,1.71165,1.50,1.00
2016.10.27 09:08:30.826,1.71122,1.71167,1.00,1.12
2016.10.27 09:08:31.211,1.71124,1.71168,1.00,1.00
2016.10.27 09:08:34.705,1.71123,1.71168,1.00,1.00
2016.10.27 09:08:36.372,1.71122,1.71168,1.50,1.00
2016.10.27 09:08:37.456,1.71122,1.71169,1.50,1.50
2016.10.27 09:08:39.180,1.71123,1.71167,1.00,1.00
2016.10.27 09:08:39.236,1.71122,1.71169,1.50,1.00
2016.10.27 09:08:40.620,1.71122,1.7117,1.00,1.00
2016.10.27 09:08:40.828,1.71124,1.7117,1.00,1.00
2016.10.27 09:08:41.347,1.71126,1.7117,1.00,1.00
2016.10.27 09:08:41.397,1.71124,1.7117,1.00,1.00
2016.10.27 09:08:42.272,1.71125,1.71169,1.00,1.00
2016.10.27 09:08:42.395,1.71125,1.71171,1.00,1.00
2016.10.27 09:08:44.560,1.71124,1.7117,1.00,1.00
2016.10.27 09:08:45.047,1.71123,1.71168,1.00,1.00
2016.10.27 09:08:45.350,1.71135,1.71182,1.00,1.00
2016.10.27 09:08:45.400,1.71135,1.71179,1.00,1.00
2016.10.27 09:08:45.451,1.71133,1.7118,1.00,1.00
2016.10.27 09:08:45.954,1.71134,1.7118,1.00,1.00
2016.10.27 09:08:46.055,1.71134,1.71178,1.00,1.00
2016.10.27 09:08:46.787,1.71132,1.71177,1.00,1.00
2016.10.27 09:08:47.155,1.71133,1.7118,1.00,1.00
2016.10.27 09:08:47.359,1.71132,1.71176,1.00,1.00
2016.10.27 09:08:49.064,1.71132,1.71178,1.00,1.00
2016.10.27 09:08:49.115,1.71136,1.71182,1.00,1.00
2016.10.27 09:08:49.626,1.71136,1.7118,1.00,1.00
2016.10.27 09:08:49.677,1.71136,1.71182,1.00,1.00
2016.10.27 09:08:50.388,1.71138,1.71182,1.00,1.00
2016.10.27 09:08:50.522,1.71136,1.71182,1.00,1.00
2016.10.27 09:08:50.998,1.71137,1.71184,1.00,1.00
2016.10.27 09:08:51.733,1.71139,1.71183,1.00,1.00
2016.10.27 09:08:51.935,1.71136,1.71183,1.00,1.00
2016.10.27 09:08:52.036,1.71135,1.71181,1.00,1.00
2016.10.27 09:08:52.751,1.71136,1.71182,1.00,1.00
2016.10.27 09:08:53.054,1.71138,1.71183,1.00,1.00
2016.10.27 09:08:53.611,1.71136,1.7118,1.00,1.00
2016.10.27 09:08:53.762,1.71132,1.71178,1.00,1.00
2016.10.27 09:08:54.073,1.71131,1.71175,1.00,1.00
2016.10.27 09:08:54.975,1.71131,1.71177,1.00,1.00
2016.10.27 09:08:55.494,1.71131,1.71176,1.50,1.00
2016.10.27 09:08:55.595,1.71129,1.71176,1.00,1.00
2016.10.27 09:08:56.132,1.7113,1.71177,1.00,1.00
2016.10.27 09:08:56.523,1.71127,1.71174,1.00,1.00
2016.10.27 09:08:57.011,1.71128,1.71172,1.00,1.00
2016.10.27 09:08:57.555,1.71124,1.71171,1.00,1.00
2016.10.27 09:08:59.315,1.71124,1.7117,1.00,1.00
2016.10.27 09:08:59.619,1.71126,1.71172,1.00,1.50
2016.10.27 09:09:00.241,1.71124,1.71171,1.00,1.50
2016.10.27 09:09:01.139,1.71125,1.71172,1.00,1.00
2016.10.27 09:09:01.190,1.71127,1.71171,1.00,1.00
2016.10.27 09:09:01.465,1.71125,1.71171,1.00,1.00
2016.10.27 09:09:01.567,1.71123,1.71169,1.00,1.00
2016.10.27 09:09:01.869,1.71126,1.7117,1.00,1.50
2016.10.27 09:09:02.429,1.71129,1.71173,1.00,1.00
2016.10.27 09:09:02.684,1.71126,1.71172,1.00,1.50
2016.10.27 09:09:04.035,1.7112,1.71165,1.00,1.00
2016.10.27 09:09:04.336,1.7112,1.71162,1.00,1.00
2016.10.27 09:09:04.847,1.71119,1.71163,1.00,1.00
2016.10.27 09:09:05.380,1.7112,1.71163,1.00,1.00
2016.10.27 09:09:06.499,1.71118,1.71163,1.00,1.50
2016.10.27 09:09:06.550,1.71116,1.71161,1.00,1.00
2016.10.27 09:09:07.267,1.71118,1.7116,1.00,1.00
2016.10.27 09:09:07.318,1.71116,1.7116,1.00,1.00
2016.10.27 09:09:07.846,1.71116,1.71161,1.00,1.00
2016.10.27 09:09:08.642,1.71116,1.7116,1.00,1.00
2016.10.27 09:09:11.011,1.71117,1.71161,1.00,1.50
2016.10.27 09:09:11.085,1.71117,1.71158,1.00,1.00
2016.10.27 09:09:11.252,1.71117,1.7116,1.00,1.00
2016.10.27 09:09:11.452,1.71117,1.71158,1.00,1.00
2016.10.27 09:09:11.752,1.71117,1.71161,1.00,1.50
2016.10.27 09:09:11.952,1.71117,1.71158,1.00,1.00
2016.10.27 09:09:12.453,1.71116,1.7116,1.00,1.00
2016.10.27 09:09:13.598,1.71109,1.71156,1.00,1.50
2016.10.27 09:09:14.273,1.7111,1.71154,1.00,1.00
2016.10.27 09:09:15.031,1.71109,1.71152,1.00,1.00
2016.10.27 09:09:15.082,1.71107,1.71152,1.00,1.00
2016.10.27 09:09:15.609,1.71105,1.71151,1.00,1.00
2016.10.27 09:09:15.862,1.71108,1.71153,1.00,1.00
2016.10.27 09:09:16.347,1.7111,1.71155,1.00,1.00
2016.10.27 09:09:16.922,1.71111,1.71155,1.00,1.00
2016.10.27 09:09:17.536,1.71112,1.71157,1.00,1.00
2016.10.27 09:09:18.073,1.71116,1.71159,1.00,1.00
2016.10.27 09:09:18.175,1.71117,1.71161,1.00,1.00
2016.10.27 09:09:18.492,1.71117,1.71165,1.00,2.25
2016.10.27 09:09:18.543,1.71128,1.71165,1.00,1.50
2016.10.27 09:09:18.593,1.71124,1.71169,1.00,1.00
2016.10.27 09:09:18.972,1.71122,1.71169,1.00,1.00
2016.10.27 09:09:19.287,1.71124,1.71168,1.00,1.00
2016.10.27 09:09:19.594,1.71122,1.71169,1.00,1.00
2016.10.27 09:09:19.645,1.71124,1.7117,1.00,1.00
2016.10.27 09:09:19.958,1.71124,1.71168,1.00,1.00
2016.10.27 09:09:21.576,1.71122,1.71169,1.50,1.00
2016.10.27 09:09:23.534,1.71123,1.71167,1.00,1.00
2016.10.27 09:09:23.840,1.71135,1.71172,1.00,1.00
2016.10.27 09:09:23.942,1.71136,1.71178,1.00,1.50
2016.10.27 09:09:24.043,1.71135,1.7118,1.00,1.00
2016.10.27 09:09:25.112,1.71135,1.71181,1.00,1.00
2016.10.27 09:09:25.669,1.71135,1.7118,1.00,1.00
2016.10.27 09:09:26.864,1.71135,1.71179,1.00,1.00
2016.10.27 09:09:27.310,1.71131,1.71175,1.00,1.00
2016.10.27 09:09:27.512,1.71124,1.7117,1.00,1.00
2016.10.27 09:09:27.613,1.71124,1.71168,1.00,1.00
2016.10.27 09:09:28.412,1.71123,1.71167,1.00,1.00
2016.10.27 09:09:29.858,1.71127,1.71167,1.00,1.00
2016.10.27 09:09:29.941,1.71134,1.71175,1.00,1.00
2016.10.27 09:09:29.992,1.71132,1.71178,1.00,1.00
2016.10.27 09:09:30.469,1.7114,1.71179,1.00,1.00
2016.10.27 09:09:30.621,1.71141,1.71188,1.00,1.50
2016.10.27 09:09:30.722,1.71138,1.71185,1.00,1.00
2016.10.27 09:09:31.117,1.71139,1.7118,1.00,1.00
2016.10.27 09:09:31.174,1.71131,1.71176,1.00,1.00
2016.10.27 09:09:31.318,1.71136,1.71179,1.00,1.00
2016.10.27 09:09:31.520,1.71139,1.71186,1.00,1.00
2016.10.27 09:09:31.623,1.7114,1.71184,1.00,1.00
2016.10.27 09:09:31.674,1.71139,1.71186,1.00,1.00
2016.10.27 09:09:32.370,1.71139,1.71185,1.00,1.00
2016.10.27 09:09:33.465,1.71139,1.71183,1.00,1.00
2016.10.27 09:09:34.374,1.71137,1.71183,1.00,1.00
2016.10.27 09:09:35.038,1.71142,1.71185,1.00,1.00
2016.10.27 09:09:35.771,1.71137,1.71182,1.00,1.00
2016.10.27 09:09:35.822,1.71135,1.71182,1.00,1.00
2016.10.27 09:09:37.544,1.71136,1.7118,1.00,1.00
2016.10.27 09:09:37.595,1.71134,1.71181,1.00,1.00
2016.10.27 09:09:38.940,1.71134,1.71179,1.00,1.00
2016.10.27 09:09:39.532,1.71133,1.71178,1.00,1.00
2016.10.27 09:09:40.619,1.71133,1.71177,1.00,1.00
2016.10.27 09:09:40.670,1.71131,1.71178,1.00,1.00
2016.10.27 09:09:40.721,1.71136,1.71181,1.00,1.50
2016.10.27 09:09:41.254,1.71136,1.7118,1.00,1.00
2016.10.27 09:09:41.666,1.71134,1.71178,1.00,1.00
2016.10.27 09:09:42.657,1.71134,1.71179,1.00,1.00
2016.10.27 09:09:44.603,1.71136,1.7118,1.00,1.00
2016.10.27 09:09:44.704,1.71137,1.71182,1.00,1.00
2016.10.27 09:09:47.407,1.71145,1.71185,1.00,1.00
2016.10.27 09:09:47.492,1.71155,1.712,1.00,1.00
2016.10.27 09:09:47.544,1.71155,1.71202,1.00,1.00
2016.10.27 09:09:48.643,1.71156,1.71201,1.00,1.00
2016.10.27 09:09:50.330,1.71163,1.71209,1.00,1.00
2016.10.27 09:09:50.870,1.71164,1.71209,1.00,1.00
2016.10.27 09:09:51.349,1.71165,1.71212,1.00,1.12
2016.10.27 09:09:51.825,1.7117,1.71215,1.00,1.00
2016.10.27 09:09:52.145,1.71172,1.71216,1.00,1.00
2016.10.27 09:09:53.200,1.7117,1.71217,1.00,1.50
2016.10.27 09:09:53.652,1.71172,1.71216,1.00,1.50
2016.10.27 09:09:54.961,1.71169,1.71216,1.00,1.00
2016.10.27 09:09:58.021,1.7117,1.71216,1.00,1.00
2016.10.27 09:09:58.122,1.71172,1.71217,1.00,1.50
2016.10.27 09:09:58.224,1.71176,1.71222,1.00,1.00
2016.10.27 09:09:59.401,1.71176,1.71223,1.00,1.00
2016.10.27 09:10:00.109,1.71177,1.71224,1.00,1.84
2016.10.27 09:10:00.160,1.71177,1.71221,1.00,1.00
2016.10.27 09:10:00.366,1.71176,1.71223,1.00,1.00
2016.10.27 09:10:01.105,1.71177,1.71223,1.00,1.00
2016.10.27 09:10:01.647,1.71177,1.71224,1.00,1.50
2016.10.27 09:10:01.698,1.71179,1.71223,1.00,1.00
2016.10.27 09:10:02.253,1.71179,1.71224,1.00,1.50
2016.10.27 09:10:03.402,1.7118,1.71224,1.00,1.00
2016.10.27 09:10:03.643,1.7118,1.71226,1.00,1.12
2016.10.27 09:10:03.694,1.7118,1.71224,1.00,1.00
2016.10.27 09:10:04.021,1.71181,1.71226,1.00,1.00
2016.10.27 09:10:06.384,1.71184,1.71226,1.00,1.00
2016.10.27 09:10:06.435,1.71188,1.71234,1.00,1.00
2016.10.27 09:10:06.741,1.7119,1.71235,1.00,1.00
2016.10.27 09:10:07.243,1.71191,1.71238,1.00,1.00
2016.10.27 09:10:07.796,1.71192,1.71239,1.00,1.00
2016.10.27 09:10:08.345,1.71199,1.71244,1.00,1.00
2016.10.27 09:10:08.663,1.71206,1.71249,1.00,1.37
2016.10.27 09:10:08.714,1.71206,1.71249,1.00,1.00
2016.10.27 09:10:09.237,1.71217,1.71257,1.00,1.87
2016.10.27 09:10:09.338,1.71218,1.71259,1.00,1.37
2016.10.27 09:10:09.439,1.71216,1.71259,1.00,1.00
2016.10.27 09:10:09.692,1.71221,1.71265,1.00,1.50
2016.10.27 09:10:09.743,1.71222,1.71267,1.00,1.37
2016.10.27 09:10:09.845,1.71224,1.71267,1.00,1.37
2016.10.27 09:10:09.947,1.71227,1.71272,1.00,1.12
2016.10.27 09:10:09.997,1.71229,1.71272,1.00,1.12
2016.10.27 09:10:10.770,1.71234,1.71279,1.00,1.37
2016.10.27 09:10:11.318,1.71233,1.71279,1.00,1.00
2016.10.27 09:10:11.909,1.71233,1.71278,1.00,1.00
2016.10.27 09:10:12.331,1.71239,1.71279,1.00,1.12
2016.10.27 09:10:12.382,1.71239,1.71283,1.00,2.25
2016.10.27 09:10:12.484,1.71246,1.71285,1.00,1.00
2016.10.27 09:10:12.535,1.71237,1.71284,1.00,1.00
2016.10.27 09:10:12.586,1.71235,1.71281,1.00,1.00
2016.10.27 09:10:13.128,1.71245,1.71291,1.00,1.00
2016.10.27 09:10:13.433,1.71258,1.713,1.00,1.00
2016.10.27 09:10:13.740,1.71263,1.713,1.00,1.00
2016.10.27 09:10:13.981,1.71264,1.71304,1.00,1.00
2016.10.27 09:10:14.366,1.71253,1.71299,1.00,1.00
2016.10.27 09:10:14.418,1.71258,1.71299,1.00,1.00
2016.10.27 09:10:14.469,1.71255,1.713,1.00,1.00
2016.10.27 09:10:14.570,1.71253,1.713,1.00,1.00
2016.10.27 09:10:14.621,1.71256,1.71303,1.00,1.00
2016.10.27 09:10:14.941,1.71265,1.71308,1.00,1.46
2016.10.27 09:10:15.313,1.71262,1.71305,1.00,1.87
2016.10.27 09:10:15.455,1.71253,1.71299,1.00,1.00
2016.10.27 09:10:15.613,1.71252,1.71296,1.00,1.00
2016.10.27 09:10:15.916,1.71268,1.71298,1.00,1.00
2016.10.27 09:10:15.967,1.71268,1.7131,1.00,1.12
2016.10.27 09:10:16.018,1.71271,1.71315,1.00,2.92
2016.10.27 09:10:16.068,1.71271,1.71316,1.00,1.00
2016.10.27 09:10:16.119,1.71268,1.7132,1.00,1.87
2016.10.27 09:10:16.170,1.71271,1.71316,1.00,1.00
2016.10.27 09:10:16.904,1.71255,1.71299,1.00,1.00
2016.10.27 09:10:17.433,1.71255,1.713,1.00,1.00
2016.10.27 09:10:17.984,1.71256,1.713,1.00,1.00
2016.10.27 09:10:18.745,1.71251,1.71271,1.00,1.00
2016.10.27 09:10:18.846,1.71242,1.71266,1.00,1.37
2016.10.27 09:10:18.897,1.71227,1.71266,2.17,2.62
2016.10.27 09:10:18.948,1.71215,1.71265,1.50,1.37
2016.10.27 09:10:18.999,1.71215,1.71265,1.50,1.00
2016.10.27 09:10:19.100,1.71217,1.71269,1.00,1.37
2016.10.27 09:10:19.201,1.71217,1.71269,1.00,1.37
2016.10.27 09:10:19.628,1.7122,1.71264,1.00,1.00
2016.10.27 09:10:20.007,1.7122,1.71266,1.00,1.50
2016.10.27 09:10:20.109,1.71218,1.71264,1.00,1.37
2016.10.27 09:10:20.159,1.71215,1.71261,1.12,1.00
2016.10.27 09:10:20.326,1.71219,1.71265,1.00,1.37
2016.10.27 09:10:20.428,1.71221,1.71267,1.00,1.12
2016.10.27 09:10:20.860,1.7122,1.71264,1.00,1.37
2016.10.27 09:10:21.093,1.71216,1.71261,1.00,1.37
2016.10.27 09:10:21.144,1.71219,1.71266,1.00,1.87
2016.10.27 09:10:21.245,1.71221,1.71268,1.00,1.37
2016.10.27 09:10:21.750,1.71222,1.71267,1.00,1.37
2016.10.27 09:10:22.683,1.71222,1.71267,1.00,1.12
2016.10.27 09:10:23.157,1.71222,1.71267,1.00,1.37
2016.10.27 09:10:23.904,1.71222,1.71267,1.00,1.37
2016.10.27 09:10:24.245,1.71222,1.71267,1.00,1.37
2016.10.27 09:10:24.883,1.71222,1.71267,1.00,1.37
2016.10.27 09:10:24.933,1.71217,1.71262,1.00,1.00
2016.10.27 09:10:25.035,1.71215,1.71259,1.00,1.37
2016.10.27 09:10:25.669,1.71215,1.71259,1.00,1.12
2016.10.27 09:10:25.872,1.7122,1.71267,1.00,1.37
2016.10.27 09:10:26.622,1.7122,1.71267,1.00,2.62
2016.10.27 09:10:26.724,1.71221,1.71267,1.00,1.37
2016.10.27 09:10:26.876,1.7122,1.71267,1.12,1.00
2016.10.27 09:10:27.027,1.71222,1.71266,1.00,1.00
2016.10.27 09:10:27.641,1.71222,1.71267,1.00,1.00
2016.10.27 09:10:28.036,1.71223,1.71269,1.00,1.00
2016.10.27 09:10:28.343,1.71223,1.71267,1.00,1.37
2016.10.27 09:10:28.394,1.71221,1.71265,1.00,1.00
2016.10.27 09:10:29.291,1.7122,1.71267,1.00,1.37
2016.10.27 09:10:29.820,1.7122,1.71266,1.00,1.37
2016.10.27 09:10:29.871,1.71222,1.71265,1.00,1.12
2016.10.27 09:10:29.922,1.71219,1.71265,1.00,1.12
2016.10.27 09:10:30.023,1.71217,1.71264,1.00,1.00
2016.10.27 09:10:30.074,1.71219,1.71263,1.00,1.37
2016.10.27 09:10:30.125,1.71215,1.71262,1.00,1.37
2016.10.27 09:10:30.603,1.71215,1.71258,1.00,1.37
2016.10.27 09:10:30.658,1.71216,1.7126,1.00,1.00
2016.10.27 09:10:30.709,1.71214,1.7126,1.12,1.50
2016.10.27 09:10:30.760,1.71211,1.71254,1.37,1.00
2016.10.27 09:10:30.861,1.71203,1.71249,1.00,1.37
2016.10.27 09:10:31.163,1.71205,1.71249,1.00,1.12
2016.10.27 09:10:31.264,1.71207,1.71252,1.00,1.87
2016.10.27 09:10:31.315,1.71205,1.71249,1.00,1.00
2016.10.27 09:10:31.892,1.71205,1.71252,1.00,1.37
2016.10.27 09:10:32.215,1.7121,1.71253,1.00,1.00
2016.10.27 09:10:32.399,1.71204,1.71251,1.37,1.00
2016.10.27 09:10:32.450,1.71201,1.71246,1.37,1.00
2016.10.27 09:10:32.551,1.712,1.71245,1.00,1.00
2016.10.27 09:10:32.804,1.712,1.71247,1.37,1.00
2016.10.27 09:10:33.595,1.71201,1.71248,1.12,1.00
2016.10.27 09:10:33.659,1.71201,1.71246,1.00,1.00
2016.10.27 09:10:33.846,1.71202,1.71248,1.00,1.50
2016.10.27 09:10:33.897,1.71204,1.71249,1.00,1.50
2016.10.27 09:10:34.419,1.71203,1.71247,1.00,1.00
2016.10.27 09:10:34.914,1.71202,1.71249,1.00,1.00
2016.10.27 09:10:35.618,1.71204,1.71249,1.00,1.00
2016.10.27 09:10:36.378,1.71212,1.71249,1.00,1.00
2016.10.27 09:10:36.429,1.71216,1.71262,1.00,1.50
2016.10.27 09:10:36.480,1.71212,1.71252,1.00,1.00
2016.10.27 09:10:36.531,1.71208,1.71255,1.50,1.00
2016.10.27 09:10:36.582,1.71209,1.7125,1.00,1.00
2016.10.27 09:10:36.683,1.71208,1.71253,1.00,1.00
2016.10.27 09:10:36.771,1.7121,1.71255,1.00,1.00
2016.10.27 09:10:37.474,1.71212,1.71256,1.00,1.00
2016.10.27 09:10:37.525,1.71215,1.71261,1.00,1.00
2016.10.27 09:10:38.086,1.71216,1.71261,1.00,1.00
2016.10.27 09:10:40.929,1.71216,1.71261,1.37,1.00
2016.10.27 09:10:40.981,1.71235,1.7128,1.00,1.00
2016.10.27 09:10:41.634,1.71236,1.71281,1.00,1.00
2016.10.27 09:10:41.737,1.71234,1.71281,1.00,1.00
2016.10.27 09:10:42.136,1.71234,1.71279,1.00,1.00
2016.10.27 09:10:42.547,1.71232,1.71275,1.00,1.00
2016.10.27 09:10:42.598,1.71229,1.71275,1.00,1.00
2016.10.27 09:10:42.822,1.71225,1.71272,1.00,1.00
2016.10.27 09:10:42.873,1.71222,1.71269,1.12,1.50
2016.10.27 09:10:43.276,1.71222,1.71267,1.00,1.00
2016.10.27 09:10:43.867,1.71222,1.71268,1.00,1.00
2016.10.27 09:10:44.387,1.71221,1.71268,1.00,1.00
2016.10.27 09:10:45.871,1.71226,1.71271,1.00,1.87
2016.10.27 09:10:45.922,1.71226,1.71271,1.00,1.37
2016.10.27 09:10:46.214,1.71228,1.71272,1.00,1.12
2016.10.27 09:10:47.100,1.71228,1.71272,1.00,1.37
2016.10.27 09:10:47.252,1.71223,1.7127,1.00,1.37
2016.10.27 09:10:47.899,1.71223,1.71269,1.00,1.37
2016.10.27 09:10:48.202,1.71222,1.71267,1.00,1.37
2016.10.27 09:10:48.982,1.71225,1.7127,1.00,2.62
2016.10.27 09:10:49.033,1.71223,1.71268,1.37,1.00
2016.10.27 09:10:49.084,1.71224,1.71271,1.37,1.50
2016.10.27 09:10:49.135,1.7123,1.71271,1.00,1.00
2016.10.27 09:10:49.186,1.71232,1.71274,1.00,1.00
2016.10.27 09:10:49.338,1.71232,1.71276,1.00,1.00
2016.10.27 09:10:49.849,1.71232,1.71278,1.00,1.50
2016.10.27 09:10:50.199,1.71234,1.71278,1.00,1.00
2016.10.27 09:10:50.300,1.71232,1.71278,1.00,1.00
2016.10.27 09:10:50.502,1.71231,1.71276,1.00,1.00
2016.10.27 09:10:50.880,1.71231,1.71275,1.37,1.00
2016.10.27 09:10:50.930,1.71231,1.71278,1.12,1.00
2016.10.27 09:10:50.981,1.71233,1.71277,1.00,1.00
2016.10.27 09:10:51.083,1.71234,1.71279,1.00,1.00
2016.10.27 09:10:51.632,1.71236,1.71281,1.00,1.00
2016.10.27 09:10:52.068,1.71236,1.71283,1.00,1.50
2016.10.27 09:10:52.119,1.71238,1.71282,1.00,1.12
2016.10.27 09:10:53.669,1.71236,1.71283,1.00,1.87
2016.10.27 09:10:54.165,1.71238,1.71283,1.87,1.00
2016.10.27 09:10:54.218,1.71243,1.71288,1.12,1.00
2016.10.27 09:10:54.420,1.71245,1.7129,1.00,1.00
2016.10.27 09:10:54.526,1.71246,1.71292,1.00,1.12
2016.10.27 09:10:54.577,1.71248,1.71293,1.00,1.00
2016.10.27 09:10:55.159,1.71249,1.71293,1.00,1.00
2016.10.27 09:10:55.869,1.71245,1.71292,1.00,1.12
2016.10.27 09:10:55.920,1.71244,1.71289,1.00,1.00
2016.10.27 09:10:56.072,1.71246,1.71293,1.00,1.00
2016.10.27 09:10:56.123,1.71249,1.71294,1.00,1.00
2016.10.27 09:10:57.222,1.71248,1.71294,1.00,1.00
2016.10.27 09:10:57.869,1.71247,1.71294,1.00,1.00
2016.10.27 09:10:58.894,1.71247,1.71292,1.00,1.00
2016.10.27 09:11:00.055,1.71249,1.71294,1.00,1.37
2016.10.27 09:11:00.671,1.71249,1.71293,1.00,1.00
2016.10.27 09:11:01.197,1.71249,1.71294,1.00,1.12
2016.10.27 09:11:02.278,1.71246,1.71293,1.00,1.12
2016.10.27 09:11:02.329,1.71248,1.71293,1.00,1.12
2016.10.27 09:11:02.716,1.71244,1.71291,1.00,1.12
2016.10.27 09:11:02.868,1.71244,1.71289,1.00,1.12
2016.10.27 09:11:03.171,1.71241,1.71286,1.00,1.00
2016.10.27 09:11:04.109,1.71241,1.71287,1.00,1.00
2016.10.27 09:11:05.108,1.71241,1.71286,1.00,1.00
2016.10.27 09:11:05.691,1.71234,1.71276,1.12,1.00
2016.10.27 09:11:05.754,1.7124,1.71285,1.50,1.00
2016.10.27 09:11:05.806,1.7124,1.71287,1.87,1.00
2016.10.27 09:11:06.008,1.7124,1.71282,1.12,1.00
2016.10.27 09:11:06.059,1.7124,1.71284,1.12,1.00
2016.10.27 09:11:06.211,1.7124,1.7128,1.00,1.00
2016.10.27 09:11:07.136,1.7124,1.71276,1.00,1.00
2016.10.27 09:11:07.247,1.71237,1.71283,1.12,1.00
2016.10.27 09:11:07.298,1.71235,1.71282,1.12,1.00
2016.10.27 09:11:07.729,1.71235,1.7128,1.00,1.00
2016.10.27 09:11:08.111,1.71233,1.71278,1.00,1.00
2016.10.27 09:11:08.263,1.71231,1.71278,1.00,1.00
2016.10.27 09:11:08.314,1.71233,1.71277,1.00,1.00
2016.10.27 09:11:08.819,1.71232,1.71277,1.50,1.00
2016.10.27 09:11:09.663,1.7123,1.71276,1.00,1.00
2016.10.27 09:11:09.895,1.71232,1.71278,1.00,1.00
2016.10.27 09:11:10.416,1.71231,1.71277,1.00,1.00
2016.10.27 09:11:11.222,1.71231,1.71278,1.00,1.00
2016.10.27 09:11:11.529,1.71232,1.71276,1.50,1.00
2016.10.27 09:11:11.631,1.71232,1.71278,1.00,1.00
2016.10.27 09:11:12.160,1.71233,1.71279,1.00,1.00
2016.10.27 09:11:12.916,1.71233,1.71278,1.12,1.00
2016.10.27 09:11:13.450,1.7123,1.71277,1.00,1.00
2016.10.27 09:11:13.602,1.71232,1.71277,1.00,1.00
2016.10.27 09:11:14.308,1.71232,1.71279,1.00,1.00
2016.10.27 09:11:14.879,1.71232,1.71277,1.50,1.00
2016.10.27 09:11:15.711,1.71233,1.71277,1.00,1.00
2016.10.27 09:11:16.347,1.71232,1.71277,1.00,1.00
2016.10.27 09:11:16.661,1.71232,1.71275,1.87,1.00
2016.10.27 09:11:16.934,1.71233,1.71277,1.12,1.00
2016.10.27 09:11:18.073,1.71233,1.71278,1.37,1.00
2016.10.27 09:11:18.124,1.71234,1.71279,1.37,1.00
2016.10.27 09:11:18.645,1.71235,1.71279,1.37,1.00
2016.10.27 09:11:18.980,1.71236,1.71279,1.87,1.00
2016.10.27 09:11:19.343,1.71234,1.71279,1.37,1.00
2016.10.27 09:11:19.444,1.71233,1.71278,1.37,1.00
2016.10.27 09:11:19.839,1.71233,1.71278,2.62,1.00
2016.10.27 09:11:20.753,1.71235,1.7128,1.37,1.00
2016.10.27 09:11:21.372,1.71237,1.71282,1.37,1.00
2016.10.27 09:11:21.474,1.71237,1.71282,1.12,1.00
2016.10.27 09:11:22.104,1.71237,1.71284,1.12,1.00
2016.10.27 09:11:22.843,1.71237,1.71282,1.12,1.00
2016.10.27 09:11:23.438,1.71234,1.71281,1.37,1.00
2016.10.27 09:11:23.489,1.71233,1.7128,1.12,1.00
2016.10.27 09:11:23.879,1.71233,1.71278,1.00,1.00
2016.10.27 09:11:24.435,1.71237,1.71284,1.00,1.37
2016.10.27 09:11:24.486,1.71233,1.7128,1.87,1.00
2016.10.27 09:11:24.587,1.71233,1.71279,1.00,1.12
2016.10.27 09:11:25.135,1.71234,1.71281,1.00,1.37
2016.10.27 09:11:25.965,1.71234,1.71281,1.50,1.37
2016.10.27 09:11:26.184,1.71233,1.7128,1.37,1.12
2016.10.27 09:11:26.817,1.71235,1.71279,1.00,1.12
2016.10.27 09:11:26.894,1.71231,1.71278,1.87,1.12
2016.10.27 09:11:26.995,1.71232,1.71276,1.12,1.00
2016.10.27 09:11:27.859,1.71232,1.71277,1.00,1.37
2016.10.27 09:11:28.987,1.71232,1.71277,1.50,1.12
2016.10.27 09:11:31.208,1.71232,1.71278,1.00,1.12
2016.10.27 09:11:32.166,1.71232,1.71279,1.00,2.62
2016.10.27 09:11:32.541,1.71232,1.71276,1.50,1.87
2016.10.27 09:11:33.187,1.71232,1.71278,1.37,1.00
2016.10.27 09:11:33.729,1.71232,1.71278,1.12,1.00
2016.10.27 09:11:34.041,1.7125,1.71284,1.00,1.37
2016.10.27 09:11:34.092,1.71249,1.71287,1.00,1.00
2016.10.27 09:11:34.143,1.71256,1.71287,1.00,1.00
2016.10.27 09:11:34.194,1.71256,1.71301,1.37,1.37
2016.10.27 09:11:34.245,1.71254,1.71299,1.37,1.00
2016.10.27 09:11:34.346,1.71254,1.713,1.87,1.00
2016.10.27 09:11:34.548,1.71255,1.71302,1.12,1.00
2016.10.27 09:11:35.046,1.71254,1.71296,1.00,1.00
2016.10.27 09:11:35.113,1.71251,1.71296,1.00,1.00
2016.10.27 09:11:35.802,1.71251,1.71297,1.12,1.00
2016.10.27 09:11:35.904,1.7125,1.71294,1.00,1.00
2016.10.27 09:11:35.954,1.71247,1.71292,1.00,1.00
2016.10.27 09:11:36.409,1.71245,1.7129,1.37,1.00
2016.10.27 09:11:36.984,1.71245,1.7129,1.00,1.00
2016.10.27 09:11:40.717,1.71245,1.7129,1.37,1.00
2016.10.27 09:11:40.993,1.71245,1.71292,1.37,1.00
2016.10.27 09:11:41.628,1.71245,1.71292,1.37,1.00
2016.10.27 09:11:41.688,1.71243,1.71288,1.37,1.00
2016.10.27 09:11:41.739,1.71243,1.7129,1.37,1.00
2016.10.27 09:11:41.941,1.71243,1.71288,1.37,1.00
2016.10.27 09:11:42.098,1.71242,1.71288,1.87,1.00
2016.10.27 09:11:42.149,1.71241,1.71285,1.37,1.00
2016.10.27 09:11:42.200,1.71236,1.71283,1.87,1.37
2016.10.27 09:11:42.252,1.71236,1.71281,1.00,1.00
2016.10.27 09:11:42.303,1.71236,1.71279,1.00,1.00
2016.10.27 09:11:42.354,1.71234,1.71279,1.00,1.00
2016.10.27 09:11:43.236,1.71234,1.71281,1.37,1.00
2016.10.27 09:11:43.749,1.7124,1.71285,1.37,1.00
2016.10.27 09:11:43.808,1.71241,1.71285,1.00,1.00
2016.10.27 09:11:44.010,1.71237,1.71281,1.00,1.00
2016.10.27 09:11:44.061,1.71234,1.7128,1.37,1.00
2016.10.27 09:11:44.991,1.71233,1.7128,1.37,1.00
2016.10.27 09:11:45.246,1.71234,1.71278,1.37,1.00
2016.10.27 09:11:45.347,1.71233,1.7128,1.37,1.00
2016.10.27 09:11:45.514,1.71233,1.7128,1.37,1.00
2016.10.27 09:11:46.374,1.71236,1.71281,1.12,1.00
2016.10.27 09:11:46.900,1.71235,1.7128,1.37,1.00
2016.10.27 09:11:47.072,1.71238,1.71283,1.00,1.00
2016.10.27 09:11:47.224,1.7124,1.71285,1.37,1.00
2016.10.27 09:11:47.619,1.7124,1.71285,1.00,1.00
2016.10.27 09:11:48.153,1.71241,1.71286,1.00,1.00
2016.10.27 09:11:48.427,1.71241,1.71288,1.00,1.12
2016.10.27 09:11:48.894,1.71243,1.71288,1.00,1.12
2016.10.27 09:11:48.945,1.71241,1.71288,1.00,1.12
2016.10.27 09:11:49.800,1.71241,1.71288,1.37,1.00
2016.10.27 09:11:50.911,1.71241,1.71288,1.00,1.37
2016.10.27 09:11:50.962,1.71244,1.71291,1.00,1.37
2016.10.27 09:11:51.687,1.71244,1.71291,1.00,1.00
2016.10.27 09:11:52.294,1.71246,1.71291,1.00,1.00
2016.10.27 09:11:53.984,1.71248,1.71293,1.00,1.00
2016.10.27 09:11:54.319,1.7125,1.71295,1.00,1.37
2016.10.27 09:11:54.370,1.7125,1.71295,1.00,1.00
2016.10.27 09:11:54.472,1.71252,1.71299,1.00,1.75
2016.10.27 09:11:54.674,1.71252,1.71299,1.12,1.12
2016.10.27 09:11:55.522,1.71254,1.71299,1.00,1.12
2016.10.27 09:11:55.623,1.71256,1.71303,1.00,1.37
2016.10.27 09:11:55.675,1.71259,1.71305,1.37,1.00
2016.10.27 09:11:55.827,1.71267,1.71314,1.00,1.87
2016.10.27 09:11:55.879,1.71274,1.71314,1.37,1.00
2016.10.27 09:11:56.755,1.71278,1.71325,1.37,1.00
2016.10.27 09:11:56.932,1.71281,1.71328,1.00,1.00
2016.10.27 09:11:56.983,1.71284,1.71329,1.00,1.00
2016.10.27 09:11:57.286,1.71284,1.71331,1.00,1.71
2016.10.27 09:11:57.916,1.71283,1.7133,1.00,1.46
2016.10.27 09:11:58.696,1.71287,1.71334,1.00,1.71
2016.10.27 09:11:58.898,1.71295,1.71342,1.12,1.12
2016.10.27 09:11:59.319,1.71299,1.71345,1.00,1.00
2016.10.27 09:11:59.521,1.71294,1.71341,1.87,1.00
2016.10.27 09:11:59.678,1.71293,1.71338,1.87,1.00
2016.10.27 09:11:59.830,1.71285,1.71331,1.00,1.12
2016.10.27 09:11:59.906,1.71287,1.71331,1.00,1.00
2016.10.27 09:12:00.862,1.71283,1.71328,1.00,1.12
2016.10.27 09:12:00.913,1.71286,1.71333,1.00,1.75
2016.10.27 09:12:01.116,1.71276,1.71321,1.12,1.00
2016.10.27 09:12:01.167,1.71273,1.71316,1.37,1.00
2016.10.27 09:12:01.217,1.71268,1.71315,2.25,1.37
2016.10.27 09:12:01.319,1.71269,1.71316,1.00,1.12
2016.10.27 09:12:01.561,1.71269,1.71314,1.00,1.00
2016.10.27 09:12:02.131,1.7127,1.71315,1.00,1.12
2016.10.27 09:12:02.444,1.71266,1.71311,1.00,1.00
2016.10.27 09:12:03.162,1.71267,1.71312,1.12,1.00
2016.10.27 09:12:06.016,1.71267,1.7131,1.00,1.87
2016.10.27 09:12:06.069,1.71263,1.71305,1.00,1.12
2016.10.27 09:12:06.221,1.71263,1.71307,1.00,1.00
2016.10.27 09:12:06.322,1.71266,1.71311,1.00,1.37
2016.10.27 09:12:06.894,1.71266,1.71311,1.00,1.12
2016.10.27 09:12:07.900,1.71266,1.71313,1.00,1.50
2016.10.27 09:12:08.216,1.71266,1.71312,1.00,1.87
2016.10.27 09:12:09.848,1.71261,1.71301,1.00,1.00
2016.10.27 09:12:10.275,1.71265,1.71308,1.87,1.00
2016.10.27 09:12:10.326,1.71266,1.71308,1.37,1.00
2016.10.27 09:12:10.427,1.71263,1.7131,1.12,1.37
2016.10.27 09:12:10.528,1.71261,1.71306,1.50,1.00
2016.10.27 09:12:10.781,1.71257,1.71303,1.12,1.00
2016.10.27 09:12:11.610,1.71258,1.71303,1.00,1.00
2016.10.27 09:12:11.671,1.71256,1.71301,1.00,1.12
2016.10.27 09:12:12.246,1.71257,1.71302,1.00,1.37
2016.10.27 09:12:13.428,1.71256,1.71301,1.00,1.12
2016.10.27 09:12:15.115,1.71257,1.71301,1.00,1.12
2016.10.27 09:12:15.682,1.71261,1.71303,1.00,1.00
2016.10.27 09:12:15.733,1.71261,1.71305,1.00,1.00
2016.10.27 09:12:15.964,1.71261,1.71303,1.00,1.00
2016.10.27 09:12:16.869,1.71261,1.71304,1.00,1.00
2016.10.27 09:12:17.496,1.71259,1.71304,1.00,1.37
2016.10.27 09:12:17.554,1.71259,1.71304,1.00,1.37
2016.10.27 09:12:19.038,1.71258,1.71305,1.00,1.37
2016.10.27 09:12:19.089,1.71261,1.71307,1.00,1.00
2016.10.27 09:12:19.140,1.71263,1.7131,1.00,1.37
2016.10.27 09:12:19.443,1.71266,1.71311,1.00,1.37
2016.10.27 09:12:19.926,1.71264,1.71309,1.00,1.37
2016.10.27 09:12:20.430,1.71263,1.71309,1.00,1.37
2016.10.27 09:12:21.170,1.71263,1.71309,1.00,1.37
2016.10.27 09:12:21.607,1.71264,1.71311,1.00,1.37
2016.10.27 09:12:21.810,1.71264,1.71309,1.00,1.87
2016.10.27 09:12:22.209,1.71279,1.71314,1.00,1.12
2016.10.27 09:12:22.361,1.71277,1.71316,1.00,1.37
2016.10.27 09:12:23.262,1.71278,1.71316,1.00,1.37
2016.10.27 09:12:23.313,1.71273,1.71314,1.00,1.12
2016.10.27 09:12:23.581,1.71273,1.71314,1.00,1.37
2016.10.27 09:12:24.866,1.71273,1.7131,1.00,1.00
2016.10.27 09:12:24.918,1.71271,1.7131,1.00,1.00
2016.10.27 09:12:25.148,1.71269,1.71308,1.00,1.00
2016.10.27 09:12:25.199,1.71266,1.71308,1.00,1.00
2016.10.27 09:12:25.351,1.71265,1.71304,1.00,1.00
2016.10.27 09:12:25.912,1.71265,1.71302,1.00,1.00
2016.10.27 09:12:26.416,1.71264,1.71302,1.00,1.00
2016.10.27 09:12:29.743,1.71263,1.71301,1.00,1.00
2016.10.27 09:12:29.853,1.7126,1.71299,1.00,1.00
2016.10.27 09:12:29.955,1.7126,1.71297,1.00,1.00
2016.10.27 09:12:30.435,1.71259,1.71295,1.00,1.00
2016.10.27 09:12:30.537,1.71259,1.71297,1.00,1.00
2016.10.27 09:12:31.056,1.71259,1.71298,1.00,1.12
2016.10.27 09:12:31.107,1.71259,1.71298,1.00,1.37
2016.10.27 09:12:31.395,1.71256,1.71298,1.00,1.37
2016.10.27 09:12:31.446,1.71256,1.71294,1.00,1.00
2016.10.27 09:12:31.749,1.71261,1.71299,1.00,1.12
2016.10.27 09:12:32.259,1.71259,1.71299,1.00,1.00
2016.10.27 09:12:32.341,1.71258,1.71298,1.00,1.87
2016.10.27 09:12:32.442,1.71258,1.71299,1.00,1.37
2016.10.27 09:12:33.769,1.71259,1.71299,1.00,1.12
2016.10.27 09:12:34.435,1.71259,1.71299,1.00,1.37
2016.10.27 09:12:34.536,1.71259,1.713,1.00,1.12
2016.10.27 09:12:35.082,1.71258,1.713,1.00,1.12
2016.10.27 09:12:35.464,1.71253,1.71299,1.00,1.00
2016.10.27 09:12:36.593,1.71253,1.713,1.00,1.87
2016.10.27 09:12:36.944,1.71253,1.713,1.00,1.87
2016.10.27 09:12:39.321,1.71253,1.713,1.00,1.87
2016.10.27 09:12:40.071,1.71252,1.713,1.00,1.87
2016.10.27 09:12:41.028,1.71252,1.71297,1.37,1.00
2016.10.27 09:12:41.129,1.71252,1.71299,1.37,1.87
2016.10.27 09:12:41.650,1.71254,1.71298,1.00,1.12
2016.10.27 09:12:41.751,1.71256,1.713,1.00,1.37
2016.10.27 09:12:42.359,1.71257,1.71304,1.00,3.75
2016.10.27 09:12:44.685,1.71251,1.71296,1.00,1.37
2016.10.27 09:12:44.843,1.71249,1.71297,1.00,1.37
2016.10.27 09:12:45.241,1.71249,1.71296,1.00,1.37
2016.10.27 09:12:45.961,1.71249,1.71296,1.00,1.12
2016.10.27 09:12:46.012,1.71256,1.71299,1.00,1.37
2016.10.27 09:12:46.342,1.71258,1.71299,1.00,1.37
2016.10.27 09:12:46.645,1.7127,1.71307,1.00,1.37
2016.10.27 09:12:46.696,1.7127,1.71307,1.00,1.12
2016.10.27 09:12:47.128,1.7127,1.71314,1.00,1.75
2016.10.27 09:12:47.182,1.71273,1.71314,1.00,1.75
2016.10.27 09:12:47.893,1.71274,1.71314,1.00,1.75
2016.10.27 09:12:47.995,1.71275,1.71314,1.00,1.75
2016.10.27 09:12:48.728,1.71278,1.71314,1.00,1.75
2016.10.27 09:12:48.982,1.71285,1.71321,1.00,1.00
2016.10.27 09:12:49.083,1.7128,1.71325,1.00,1.87
2016.10.27 09:12:49.135,1.71278,1.71323,1.00,1.75
2016.10.27 09:12:49.186,1.71278,1.71319,1.00,1.87
2016.10.27 09:12:49.830,1.71279,1.71319,1.00,1.87
2016.10.27 09:12:50.443,1.71279,1.71317,1.00,1.00
2016.10.27 09:12:50.770,1.71281,1.71318,1.00,1.00
2016.10.27 09:12:51.281,1.7128,1.71318,1.00,1.00
2016.10.27 09:12:51.595,1.71282,1.71318,1.00,1.00
2016.10.27 09:12:51.916,1.71285,1.71324,1.00,1.37
2016.10.27 09:12:51.967,1.71287,1.71326,1.00,1.37
2016.10.27 09:12:52.018,1.71289,1.71326,1.00,1.00
2016.10.27 09:12:52.119,1.71289,1.71326,1.00,1.37
2016.10.27 09:12:52.170,1.71287,1.71326,1.00,1.37
2016.10.27 09:12:52.220,1.71289,1.71326,1.00,1.37
2016.10.27 09:12:52.613,1.71289,1.71328,1.00,1.00
2016.10.27 09:12:52.664,1.71291,1.71328,1.00,1.00
2016.10.27 09:12:53.194,1.71291,1.71329,1.00,1.50
2016.10.27 09:12:53.694,1.71293,1.71329,1.00,1.00
2016.10.27 09:12:54.219,1.71292,1.7133,1.00,1.00
2016.10.27 09:12:54.472,1.71293,1.71332,1.00,1.00
2016.10.27 09:12:54.778,1.71293,1.71334,1.37,1.00
2016.10.27 09:12:55.029,1.71292,1.71334,1.00,1.00
2016.10.27 09:12:55.794,1.71292,1.71332,1.00,1.00
2016.10.27 09:12:55.845,1.71288,1.71332,1.00,1.00
2016.10.27 09:12:56.197,1.71284,1.71329,1.00,1.12
2016.10.27 09:12:56.298,1.71284,1.71327,1.00,1.37
2016.10.27 09:12:56.349,1.71279,1.71326,1.37,1.37
2016.10.27 09:12:56.399,1.71276,1.71321,1.00,1.37
2016.10.27 09:12:56.551,1.71273,1.71318,1.00,1.12
2016.10.27 09:12:56.602,1.71273,1.71316,1.00,1.00
2016.10.27 09:12:57.131,1.71275,1.71315,1.00,1.00
2016.10.27 09:12:57.196,1.71274,1.71318,1.00,1.00
2016.10.27 09:12:57.499,1.71272,1.71316,1.00,1.12
2016.10.27 09:12:57.959,1.71272,1.71313,1.00,1.00
2016.10.27 09:12:58.464,1.71271,1.71313,1.00,1.00
2016.10.27 09:12:59.438,1.71282,1.71313,1.00,1.00
2016.10.27 09:12:59.923,1.71284,1.71326,1.00,1.00
2016.10.27 09:13:00.226,1.71286,1.71327,1.00,1.00
2016.10.27 09:13:00.671,1.71285,1.71325,1.00,1.00
2016.10.27 09:13:00.722,1.71283,1.71325,1.00,1.00
2016.10.27 09:13:01.674,1.71271,1.71311,1.00,1.00
2016.10.27 09:13:02.909,1.71273,1.71313,1.00,1.00
2016.10.27 09:13:03.010,1.7127,1.71313,1.12,1.00
2016.10.27 09:13:03.383,1.7127,1.71311,1.00,1.00
2016.10.27 09:13:05.776,1.71269,1.71311,1.00,1.00
2016.10.27 09:13:07.295,1.71273,1.71315,1.00,1.00
2016.10.27 09:13:08.120,1.71274,1.71314,1.00,1.00
2016.10.27 09:13:08.659,1.71273,1.71317,1.00,1.37
2016.10.27 09:13:08.976,1.71275,1.71317,1.00,1.12
2016.10.27 09:13:09.325,1.71281,1.71317,1.00,1.00
2016.10.27 09:13:09.375,1.71282,1.71323,1.00,1.00
2016.10.27 09:13:09.751,1.71282,1.71329,1.87,1.87
2016.10.27 09:13:09.828,1.71284,1.71329,1.37,1.00
2016.10.27 09:13:10.148,1.71284,1.71329,1.37,1.50
2016.10.27 09:13:10.199,1.71283,1.71327,1.37,1.00
2016.10.27 09:13:10.250,1.71283,1.71327,1.12,1.00
2016.10.27 09:13:10.402,1.71283,1.71325,1.00,1.00
2016.10.27 09:13:11.595,1.71282,1.71325,1.50,1.00
2016.10.27 09:13:12.104,1.71282,1.71325,1.00,1.37
2016.10.27 09:13:13.022,1.71282,1.71325,1.00,1.00
2016.10.27 09:13:14.647,1.71281,1.71325,1.00,1.00
2016.10.27 09:13:15.659,1.7128,1.71325,1.00,1.00
2016.10.27 09:13:15.878,1.71271,1.71318,1.00,1.00
2016.10.27 09:13:15.963,1.7127,1.71316,1.00,1.37
2016.10.27 09:13:16.554,1.7127,1.71314,1.00,1.12
2016.10.27 09:13:17.082,1.71269,1.71314,1.00,1.50
2016.10.27 09:13:17.461,1.71267,1.71314,1.00,1.50
2016.10.27 09:13:17.744,1.71269,1.71314,1.00,1.50
2016.10.27 09:13:18.680,1.71269,1.71312,1.00,1.00
2016.10.27 09:13:22.022,1.71268,1.71312,1.00,1.50
2016.10.27 09:13:22.315,1.71271,1.71316,1.00,1.50
2016.10.27 09:13:22.648,1.7127,1.71315,1.37,1.00
2016.10.27 09:13:22.702,1.71277,1.71322,1.12,1.00
2016.10.27 09:13:22.803,1.71274,1.71321,1.37,1.00
2016.10.27 09:13:23.143,1.71273,1.7132,1.12,1.00
2016.10.27 09:13:23.436,1.71275,1.7132,1.00,1.00
2016.10.27 09:13:24.458,1.71277,1.71322,1.37,1.00
2016.10.27 09:13:24.792,1.71283,1.7133,1.37,1.12
2016.10.27 09:13:25.148,1.71283,1.71328,1.37,1.00
2016.10.27 09:13:25.198,1.71283,1.71328,1.00,1.00
2016.10.27 09:13:25.603,1.71287,1.71332,1.00,1.50
2016.10.27 09:13:25.654,1.71286,1.71334,1.00,1.87
2016.10.27 09:13:26.256,1.71285,1.71333,1.00,1.37
2016.10.27 09:13:26.307,1.71285,1.7133,1.00,1.12
2016.10.27 09:13:26.831,1.71283,1.71329,1.37,1.00
2016.10.27 09:13:26.913,1.71282,1.71328,1.00,1.12
2016.10.27 09:13:27.123,1.71281,1.71328,1.00,1.87
2016.10.27 09:13:27.554,1.71283,1.71328,1.00,1.87
2016.10.27 09:13:28.708,1.71283,1.71328,1.00,1.37
2016.10.27 09:13:28.819,1.71281,1.71328,1.00,1.37
2016.10.27 09:13:29.127,1.71281,1.71328,1.00,1.12
2016.10.27 09:13:29.229,1.71278,1.71325,1.12,1.12
2016.10.27 09:13:29.863,1.71277,1.71322,1.00,1.00
2016.10.27 09:13:30.366,1.71278,1.71322,1.00,1.00
2016.10.27 09:13:31.125,1.71276,1.71322,1.00,1.00
2016.10.27 09:13:33.342,1.71272,1.71317,1.37,1.00
2016.10.27 09:13:33.494,1.71265,1.7131,1.00,1.12
2016.10.27 09:13:34.077,1.71266,1.71312,1.37,1.00
2016.10.27 09:13:34.135,1.71264,1.71311,1.00,1.37
2016.10.27 09:13:34.671,1.71263,1.71309,1.00,1.12
2016.10.27 09:13:35.231,1.71264,1.71309,1.00,1.12
2016.10.27 09:13:35.434,1.71264,1.71309,1.00,1.37
2016.10.27 09:13:35.835,1.71264,1.7131,1.00,1.87
2016.10.27 09:13:36.414,1.71264,1.71309,1.00,1.37
2016.10.27 09:13:37.057,1.71262,1.71309,1.00,1.37
2016.10.27 09:13:37.236,1.71263,1.71309,1.37,1.37
2016.10.27 09:13:38.138,1.71264,1.7131,1.37,1.87
2016.10.27 09:13:39.156,1.71261,1.71307,1.37,1.00
2016.10.27 09:13:39.207,1.7126,1.71306,1.12,1.12
2016.10.27 09:13:39.259,1.7126,1.71306,1.00,1.87
2016.10.27 09:13:39.360,1.71257,1.71302,1.00,1.12
2016.10.27 09:13:39.462,1.71258,1.713,1.00,1.00
2016.10.27 09:13:39.766,1.71258,1.71305,1.12,1.37
2016.10.27 09:13:40.247,1.7126,1.71305,1.00,1.37
2016.10.27 09:13:40.576,1.71256,1.71301,1.37,1.00
2016.10.27 09:13:40.832,1.71262,1.71305,1.50,1.00
2016.10.27 09:13:40.883,1.71262,1.71305,1.50,1.37
2016.10.27 09:13:41.085,1.71262,1.71308,1.87,1.12
2016.10.27 09:13:41.571,1.71268,1.71315,1.00,2.62
2016.10.27 09:13:41.622,1.71268,1.71315,1.00,1.37
2016.10.27 09:13:42.070,1.71271,1.71315,1.00,1.37
2016.10.27 09:13:42.127,1.71269,1.71315,1.00,1.37
2016.10.27 09:13:42.178,1.71269,1.71315,1.00,1.37
2016.10.27 09:13:42.974,1.71268,1.71309,1.00,1.50
2016.10.27 09:13:43.034,1.71262,1.71309,1.00,2.62
2016.10.27 09:13:43.185,1.71261,1.71307,1.50,1.87
2016.10.27 09:13:43.337,1.71256,1.71302,1.00,1.37
2016.10.27 09:13:43.590,1.71254,1.71299,1.00,1.87
2016.10.27 09:13:43.995,1.71255,1.71298,1.00,1.12
2016.10.27 09:13:44.177,1.71253,1.71298,1.00,1.12
2016.10.27 09:13:45.164,1.71257,1.71298,1.00,1.12
2016.10.27 09:13:45.560,1.71261,1.71298,1.00,1.00
2016.10.27 09:13:45.611,1.71261,1.71302,1.00,1.37
2016.10.27 09:13:45.712,1.71262,1.71305,1.00,2.62
2016.10.27 09:13:45.813,1.71262,1.71304,1.00,1.37
2016.10.27 09:13:45.964,1.71256,1.71302,1.00,1.37
2016.10.27 09:13:46.015,1.71256,1.71304,1.00,3.37
2016.10.27 09:13:46.434,1.71262,1.71303,1.00,2.62
2016.10.27 09:13:47.159,1.71262,1.71296,1.00,1.00
2016.10.27 09:13:47.260,1.71249,1.71295,1.00,1.87
2016.10.27 09:13:47.462,1.71246,1.71291,1.12,1.00
2016.10.27 09:13:47.869,1.71244,1.71292,1.00,1.87
2016.10.27 09:13:47.920,1.71247,1.71292,1.00,1.12
2016.10.27 09:13:48.468,1.71247,1.71293,1.00,1.00
2016.10.27 09:13:48.519,1.71247,1.71295,1.00,1.12
2016.10.27 09:13:48.570,1.71252,1.71295,1.00,1.12
2016.10.27 09:13:49.103,1.71252,1.71296,1.00,1.37
2016.10.27 09:13:49.205,1.71252,1.71296,1.00,1.12
2016.10.27 09:13:49.306,1.71252,1.71296,1.00,1.37
2016.10.27 09:13:50.184,1.71252,1.71296,1.00,1.00
2016.10.27 09:13:51.676,1.71252,1.71296,1.37,1.00
2016.10.27 09:13:51.727,1.71253,1.713,2.62,1.37
2016.10.27 09:13:51.785,1.71257,1.71302,1.37,1.12
2016.10.27 09:13:51.936,1.71257,1.71304,1.12,1.00
2016.10.27 09:13:52.440,1.71254,1.71301,1.37,1.00
2016.10.27 09:13:52.541,1.71252,1.71297,1.87,1.00
2016.10.27 09:13:52.643,1.71251,1.71295,1.00,1.00
2016.10.27 09:13:52.744,1.71248,1.71293,1.12,1.12
2016.10.27 09:13:53.214,1.71246,1.71292,1.00,1.12
2016.10.27 09:13:53.794,1.71248,1.71293,1.00,1.37
2016.10.27 09:13:54.392,1.71248,1.71293,1.00,1.12
2016.10.27 09:13:54.992,1.71249,1.71295,1.00,1.37
2016.10.27 09:13:55.045,1.71249,1.71295,1.00,1.12
2016.10.27 09:13:56.104,1.71249,1.71297,1.00,1.87
2016.10.27 09:13:56.573,1.71244,1.71288,1.37,1.00
2016.10.27 09:13:56.826,1.71244,1.71291,1.37,1.00
2016.10.27 09:13:56.877,1.71242,1.71287,1.37,1.00
2016.10.27 09:13:56.928,1.71241,1.71286,1.87,1.00
2016.10.27 09:13:57.029,1.71241,1.71282,1.00,1.00
2016.10.27 09:13:57.080,1.71235,1.71282,1.37,1.00
2016.10.27 09:13:57.131,1.71232,1.71277,1.12,1.00
2016.10.27 09:13:57.232,1.71235,1.71277,1.00,1.00
2016.10.27 09:13:57.783,1.71243,1.71283,1.00,1.12
2016.10.27 09:14:01.686,1.71234,1.71274,1.00,1.00
2016.10.27 09:14:02.368,1.71234,1.71275,1.00,1.00
2016.10.27 09:14:02.958,1.71234,1.71265,1.00,1.00
2016.10.27 09:14:03.013,1.71228,1.71265,1.00,1.00
2016.10.27 09:14:03.848,1.71222,1.71265,1.12,1.00
2016.10.27 09:14:04.321,1.71219,1.71266,1.87,1.00
2016.10.27 09:14:04.924,1.71221,1.71266,1.37,1.00
2016.10.27 09:14:06.286,1.71221,1.71265,1.37,1.00
2016.10.27 09:14:06.458,1.71221,1.71265,1.12,1.00
2016.10.27 09:14:07.058,1.71219,1.71263,1.37,1.00
2016.10.27 09:14:07.568,1.71219,1.71263,1.00,1.00
2016.10.27 09:14:07.981,1.71221,1.71263,1.37,1.00
2016.10.27 09:14:08.032,1.71221,1.71265,1.37,1.00
2016.10.27 09:14:08.083,1.71225,1.71268,1.12,1.00
2016.10.27 09:14:08.184,1.71224,1.71269,1.37,1.00
2016.10.27 09:14:08.287,1.71224,1.71272,1.37,1.00
2016.10.27 09:14:08.389,1.71225,1.71272,1.37,1.00
2016.10.27 09:14:08.769,1.71224,1.7127,1.37,1.00
2016.10.27 09:14:08.870,1.71224,1.71271,1.37,1.00
2016.10.27 09:14:09.389,1.71223,1.7127,1.37,1.00
2016.10.27 09:14:09.956,1.71223,1.71271,2.62,1.50
2016.10.27 09:14:10.319,1.71226,1.71271,1.00,1.00
2016.10.27 09:14:10.958,1.71226,1.71272,1.12,1.00
2016.10.27 09:14:11.009,1.71226,1.71274,1.37,1.50
2016.10.27 09:14:11.897,1.71226,1.71274,1.87,1.50
2016.10.27 09:14:11.986,1.71229,1.71275,1.37,1.00
2016.10.27 09:14:12.970,1.71228,1.71274,1.37,1.00
2016.10.27 09:14:13.771,1.71228,1.71274,1.37,1.00
2016.10.27 09:14:14.466,1.71228,1.71274,1.37,1.00
2016.10.27 09:14:15.016,1.71228,1.71275,1.37,1.00
2016.10.27 09:14:15.537,1.71228,1.71275,1.37,1.00
2016.10.27 09:14:16.516,1.71231,1.71276,1.00,1.00
2016.10.27 09:14:17.958,1.71234,1.71278,1.87,1.00
2016.10.27 09:14:18.096,1.71232,1.71277,1.87,1.00
2016.10.27 09:14:18.286,1.71232,1.71277,1.87,1.00
2016.10.27 09:14:19.024,1.71232,1.71277,1.87,1.00
