2016.10.28 07:00:00.162,1.70626,1.7067,1.00,1.00
2016.10.28 07:00:00.213,1.70625,1.70668,1.00,1.00
2016.10.28 07:00:00.642,1.70623,1.70668,1.00,1.00
2016.10.28 07:00:00.722,1.70626,1.70669,1.00,1.50
2016.10.28 07:00:00.874,1.70619,1.70664,1.00,1.00
2016.10.28 07:00:00.975,1.70621,1.70666,1.00,1.00
2016.10.28 07:00:01.527,1.70624,1.70667,1.00,1.00
2016.10.28 07:00:02.318,1.70626,1.70669,1.00,1.00
2016.10.28 07:00:02.698,1.70633,1.70676,1.00,1.00
2016.10.28 07:00:02.800,1.70643,1.70688,1.00,1.00
2016.10.28 07:00:02.901,1.70645,1.7069,1.00,1.00
2016.10.28 07:00:03.204,1.70648,1.7069,1.00,1.00
2016.10.28 07:00:03.785,1.7065,1.70695,1.00,1.00
2016.10.28 07:00:03.836,1.70654,1.70693,1.00,1.00
2016.10.28 07:00:03.937,1.70654,1.70696,1.00,1.00
2016.10.28 07:00:04.139,1.70655,1.70698,1.00,1.00
2016.10.28 07:00:04.189,1.70663,1.70706,1.00,1.00
2016.10.28 07:00:04.341,1.70664,1.70708,1.50,1.00
2016.10.28 07:00:04.736,1.70666,1.70711,1.00,1.00
2016.10.28 07:00:04.837,1.70668,1.70711,1.00,1.00
2016.10.28 07:00:05.138,1.70669,1.70714,1.00,1.00
2016.10.28 07:00:06.127,1.70673,1.70716,1.00,1.00
2016.10.28 07:00:06.431,1.70673,1.70718,1.00,1.00
2016.10.28 07:00:06.616,1.70675,1.70719,1.00,1.00
2016.10.28 07:00:07.139,1.70674,1.70719,1.00,1.00
2016.10.28 07:00:07.466,1.70672,1.70717,1.00,1.00
2016.10.28 07:00:08.055,1.70671,1.70709,1.00,1.00
2016.10.28 07:00:08.360,1.70671,1.70707,1.00,1.00
2016.10.28 07:00:08.512,1.70671,1.70709,1.00,1.00
2016.10.28 07:00:08.563,1.70671,1.70713,1.00,1.00
2016.10.28 07:00:09.108,1.70671,1.70714,1.50,1.00
2016.10.28 07:00:09.604,1.70671,1.70708,1.00,1.00
2016.10.28 07:00:10.039,1.70671,1.70706,1.00,1.00
2016.10.28 07:00:10.092,1.70663,1.70702,1.00,1.00
2016.10.28 07:00:10.421,1.70658,1.70702,1.00,1.00
2016.10.28 07:00:10.572,1.70658,1.70699,1.00,1.00
2016.10.28 07:00:11.161,1.70651,1.70694,1.50,1.00
2016.10.28 07:00:11.212,1.70655,1.70698,1.00,1.00
2016.10.28 07:00:11.263,1.70656,1.707,1.00,1.00
2016.10.28 07:00:11.837,1.70657,1.707,1.00,1.00
2016.10.28 07:00:12.367,1.70663,1.70708,1.50,1.50
2016.10.28 07:00:12.710,1.70663,1.70706,1.12,1.00
2016.10.28 07:00:13.012,1.70688,1.70733,1.00,1.00
2016.10.28 07:00:13.063,1.70688,1.70731,1.00,1.00
2016.10.28 07:00:13.114,1.70688,1.70733,1.00,1.00
2016.10.28 07:00:13.529,1.70689,1.70729,1.00,1.00
2016.10.28 07:00:13.677,1.70689,1.70732,1.00,1.00
2016.10.28 07:00:13.961,1.70687,1.70732,1.00,1.00
2016.10.28 07:00:14.012,1.70687,1.70728,1.00,1.00
2016.10.28 07:00:14.213,1.70678,1.70721,1.00,1.00
2016.10.28 07:00:14.601,1.70676,1.70718,1.00,1.00
2016.10.28 07:00:15.122,1.70675,1.70718,1.00,1.00
2016.10.28 07:00:15.688,1.70675,1.70717,1.00,1.00
2016.10.28 07:00:16.043,1.70668,1.70702,1.75,1.00
2016.10.28 07:00:16.094,1.70668,1.70707,1.37,1.00
2016.10.28 07:00:16.145,1.70663,1.70708,1.50,1.00
2016.10.28 07:00:16.246,1.70669,1.70708,1.00,1.00
2016.10.28 07:00:16.397,1.70669,1.70711,1.00,1.00
2016.10.28 07:00:17.227,1.70669,1.70713,1.00,1.00
2016.10.28 07:00:17.278,1.70669,1.70709,1.00,1.00
2016.10.28 07:00:17.483,1.70667,1.70712,1.00,1.00
2016.10.28 07:00:17.534,1.70666,1.70709,1.12,1.00
2016.10.28 07:00:18.040,1.70674,1.70717,1.00,1.00
2016.10.28 07:00:18.479,1.70676,1.70719,1.00,1.00
2016.10.28 07:00:19.198,1.7067,1.70712,1.75,1.00
2016.10.28 07:00:19.451,1.7067,1.7071,1.00,1.00
2016.10.28 07:00:20.181,1.70665,1.70707,1.00,1.00
2016.10.28 07:00:21.262,1.70665,1.70706,1.00,1.00
2016.10.28 07:00:22.278,1.70666,1.70709,1.00,1.00
2016.10.28 07:00:22.329,1.70668,1.70713,1.00,1.00
2016.10.28 07:00:22.380,1.70671,1.70714,1.00,1.00
2016.10.28 07:00:23.235,1.70672,1.70699,1.00,1.00
2016.10.28 07:00:23.286,1.70657,1.70697,1.00,1.00
2016.10.28 07:00:23.899,1.70657,1.70696,1.00,1.00
2016.10.28 07:00:24.295,1.70657,1.70698,1.00,1.00
2016.10.28 07:00:24.509,1.70657,1.70696,1.00,1.00
2016.10.28 07:00:25.199,1.70657,1.70697,1.00,1.00
2016.10.28 07:00:25.725,1.70657,1.70696,1.00,1.00
2016.10.28 07:00:26.678,1.70657,1.70694,1.00,1.00
2016.10.28 07:00:26.779,1.70649,1.70689,1.00,1.00
2016.10.28 07:00:26.830,1.70652,1.70697,1.00,1.00
2016.10.28 07:00:26.882,1.70655,1.70698,1.00,1.50
2016.10.28 07:00:27.718,1.70659,1.70702,1.00,1.00
2016.10.28 07:00:27.829,1.70662,1.70707,1.00,1.00
2016.10.28 07:00:27.892,1.70664,1.70707,1.00,1.00
2016.10.28 07:00:27.994,1.70662,1.70707,1.00,1.00
2016.10.28 07:00:28.045,1.70664,1.70709,1.00,1.50
2016.10.28 07:00:28.626,1.70664,1.70707,1.00,1.00
2016.10.28 07:00:28.820,1.70664,1.70709,1.50,1.50
2016.10.28 07:00:28.921,1.70666,1.70709,1.00,1.00
2016.10.28 07:00:29.084,1.70664,1.7071,1.50,1.00
2016.10.28 07:00:29.135,1.70666,1.70709,1.00,1.00
2016.10.28 07:00:29.338,1.70667,1.70712,1.00,1.00
2016.10.28 07:00:29.686,1.70666,1.70708,1.00,1.00
2016.10.28 07:00:29.787,1.70659,1.70702,1.00,1.00
2016.10.28 07:00:30.308,1.70658,1.70698,1.00,1.00
2016.10.28 07:00:30.868,1.70658,1.70703,1.50,1.00
2016.10.28 07:00:30.969,1.7066,1.70703,1.00,1.00
2016.10.28 07:00:31.021,1.70661,1.70706,1.00,1.00
2016.10.28 07:00:31.072,1.70663,1.70706,1.00,1.00
2016.10.28 07:00:31.413,1.70665,1.70708,1.00,1.00
2016.10.28 07:00:32.012,1.7067,1.70715,1.00,1.00
2016.10.28 07:00:32.063,1.70679,1.70718,1.00,1.00
2016.10.28 07:00:32.164,1.70677,1.70718,1.12,1.00
2016.10.28 07:00:32.324,1.7068,1.70718,1.00,1.00
2016.10.28 07:00:32.425,1.70678,1.70718,1.00,1.00
2016.10.28 07:00:32.888,1.70678,1.70722,1.00,1.00
2016.10.28 07:00:32.939,1.70688,1.70729,1.00,1.00
2016.10.28 07:00:33.041,1.70691,1.70736,1.00,1.00
2016.10.28 07:00:33.091,1.70694,1.70737,1.00,1.00
2016.10.28 07:00:33.142,1.70695,1.70739,1.00,1.50
2016.10.28 07:00:33.193,1.70693,1.70738,1.50,1.00
2016.10.28 07:00:33.295,1.70695,1.70738,1.00,1.00
2016.10.28 07:00:34.425,1.70694,1.70739,1.00,1.50
2016.10.28 07:00:34.814,1.70693,1.70737,1.00,1.00
2016.10.28 07:00:35.215,1.70693,1.70734,1.00,1.00
2016.10.28 07:00:35.266,1.70695,1.70738,1.00,1.00
2016.10.28 07:00:35.469,1.70693,1.70738,1.50,1.00
2016.10.28 07:00:35.868,1.70697,1.70739,1.00,1.00
2016.10.28 07:00:36.529,1.70693,1.70735,1.00,1.00
2016.10.28 07:00:37.107,1.70693,1.70733,1.00,1.00
2016.10.28 07:00:37.208,1.70693,1.70735,1.00,1.00
2016.10.28 07:00:37.661,1.70693,1.70733,1.00,1.00
2016.10.28 07:00:38.223,1.70693,1.70734,1.00,1.00
2016.10.28 07:00:39.561,1.70677,1.70718,1.00,1.00
2016.10.28 07:00:40.026,1.70675,1.70719,1.00,1.00
2016.10.28 07:00:40.279,1.70674,1.70717,1.00,1.00
2016.10.28 07:00:40.935,1.70666,1.70709,1.00,1.50
2016.10.28 07:00:41.536,1.70666,1.70708,1.00,1.00
2016.10.28 07:00:42.254,1.70673,1.70708,1.00,1.00
2016.10.28 07:00:42.606,1.70675,1.70708,1.00,1.00
2016.10.28 07:00:42.759,1.70676,1.70718,1.00,1.00
2016.10.28 07:00:43.546,1.70674,1.70718,1.00,1.00
2016.10.28 07:00:44.095,1.70674,1.70717,1.00,1.00
2016.10.28 07:00:44.879,1.70664,1.70706,1.00,1.00
2016.10.28 07:00:45.101,1.70662,1.70707,1.00,1.00
2016.10.28 07:00:45.608,1.70656,1.70691,1.50,1.00
2016.10.28 07:00:46.105,1.70643,1.70688,1.50,1.50
2016.10.28 07:00:46.206,1.70645,1.70689,1.00,1.00
2016.10.28 07:00:46.840,1.70646,1.70688,1.00,1.00
2016.10.28 07:00:47.526,1.70643,1.70688,1.50,1.50
2016.10.28 07:00:47.985,1.70643,1.70679,1.50,1.00
2016.10.28 07:00:48.086,1.70643,1.70686,1.50,1.00
2016.10.28 07:00:50.951,1.70643,1.70684,1.00,1.00
2016.10.28 07:00:53.523,1.7063,1.70674,1.00,1.00
2016.10.28 07:00:53.776,1.70629,1.70669,1.00,1.00
2016.10.28 07:00:53.877,1.70629,1.70674,1.00,1.50
2016.10.28 07:00:54.029,1.70631,1.70673,1.00,1.00
2016.10.28 07:00:54.482,1.70631,1.70669,1.00,1.00
2016.10.28 07:00:54.583,1.70636,1.70678,1.00,1.00
2016.10.28 07:00:55.254,1.70635,1.70678,1.00,1.50
2016.10.28 07:00:56.793,1.70634,1.70675,1.00,1.00
2016.10.28 07:00:57.370,1.7063,1.70673,1.00,1.00
2016.10.28 07:00:58.411,1.7063,1.70675,1.00,1.00
2016.10.28 07:01:00.173,1.70627,1.70671,1.00,1.00
2016.10.28 07:01:00.475,1.70626,1.70669,1.00,1.00
2016.10.28 07:01:00.526,1.70624,1.70669,1.50,1.50
2016.10.28 07:01:01.338,1.70625,1.70669,1.00,1.00
2016.10.28 07:01:01.439,1.70629,1.70668,1.00,1.00
2016.10.28 07:01:01.692,1.70634,1.70679,1.00,1.50
2016.10.28 07:01:02.235,1.70634,1.70678,1.00,1.00
2016.10.28 07:01:02.303,1.70631,1.70674,1.00,1.00
2016.10.28 07:01:02.405,1.70629,1.70674,1.00,1.00
2016.10.28 07:01:02.602,1.70629,1.70672,1.00,1.00
2016.10.28 07:01:02.968,1.70629,1.70668,1.00,1.00
2016.10.28 07:01:03.444,1.70629,1.70674,1.00,1.00
2016.10.28 07:01:03.497,1.70627,1.70672,1.50,1.00
2016.10.28 07:01:03.944,1.70627,1.70668,1.00,1.00
2016.10.28 07:01:04.146,1.70622,1.70667,1.50,1.00
2016.10.28 07:01:04.247,1.70622,1.70667,1.00,1.00
2016.10.28 07:01:05.460,1.70624,1.70667,1.00,1.00
2016.10.28 07:01:06.001,1.70625,1.70667,1.00,1.00
2016.10.28 07:01:06.304,1.70638,1.70677,1.00,1.00
2016.10.28 07:01:06.608,1.70643,1.70678,1.00,1.00
2016.10.28 07:01:06.981,1.70642,1.70687,1.00,1.00
2016.10.28 07:01:07.031,1.70646,1.70689,1.00,1.00
2016.10.28 07:01:07.336,1.70651,1.70686,1.00,1.00
2016.10.28 07:01:07.387,1.70645,1.70688,3.00,1.00
2016.10.28 07:01:07.766,1.70656,1.70698,1.00,1.12
2016.10.28 07:01:08.200,1.70659,1.70699,1.00,1.00
2016.10.28 07:01:08.402,1.70649,1.70694,1.75,1.00
2016.10.28 07:01:08.453,1.70648,1.70688,1.75,1.00
2016.10.28 07:01:08.554,1.70648,1.70688,1.00,1.00
2016.10.28 07:01:08.706,1.70645,1.70687,1.00,1.00
2016.10.28 07:01:08.756,1.70645,1.70685,1.00,1.00
2016.10.28 07:01:09.433,1.70645,1.70684,1.00,1.00
2016.10.28 07:01:09.544,1.70628,1.70669,1.00,1.00
2016.10.28 07:01:09.595,1.70626,1.70669,1.00,1.50
2016.10.28 07:01:09.797,1.70628,1.70669,1.00,1.00
2016.10.28 07:01:09.951,1.70628,1.70673,1.00,1.00
2016.10.28 07:01:10.919,1.70628,1.70669,1.00,1.00
2016.10.28 07:01:11.162,1.70628,1.70673,1.00,1.00
2016.10.28 07:01:12.187,1.70639,1.70679,1.00,1.00
2016.10.28 07:01:12.490,1.70643,1.70679,1.00,1.00
2016.10.28 07:01:12.721,1.70643,1.70686,1.00,1.00
2016.10.28 07:01:13.405,1.70643,1.70687,1.00,1.00
2016.10.28 07:01:13.557,1.70641,1.70686,1.50,1.00
2016.10.28 07:01:14.271,1.70641,1.70684,1.50,1.00
2016.10.28 07:01:14.751,1.70641,1.70679,1.50,1.00
2016.10.28 07:01:16.031,1.70641,1.70678,1.50,1.00
2016.10.28 07:01:17.571,1.70643,1.70678,1.00,1.00
2016.10.28 07:01:17.672,1.70646,1.70688,1.00,1.00
2016.10.28 07:01:18.215,1.70645,1.70688,1.00,1.50
2016.10.28 07:01:18.532,1.70645,1.70679,1.00,1.00
2016.10.28 07:01:18.888,1.70645,1.70689,1.00,1.50
2016.10.28 07:01:19.463,1.70646,1.70689,1.00,1.50
2016.10.28 07:01:19.879,1.70644,1.70687,1.00,1.00
2016.10.28 07:01:19.980,1.70644,1.70689,1.00,1.50
2016.10.28 07:01:20.338,1.70644,1.70689,1.00,1.87
2016.10.28 07:01:20.439,1.70637,1.70679,1.00,1.00
2016.10.28 07:01:20.490,1.70639,1.70679,1.00,1.00
2016.10.28 07:01:20.642,1.70639,1.70684,1.00,1.00
2016.10.28 07:01:20.692,1.70639,1.70682,1.00,1.00
2016.10.28 07:01:20.743,1.70639,1.70684,1.00,1.00
2016.10.28 07:01:20.924,1.7064,1.70682,1.00,1.00
2016.10.28 07:01:20.974,1.70638,1.70683,1.00,1.00
2016.10.28 07:01:21.025,1.70639,1.70681,1.00,1.00
2016.10.28 07:01:21.428,1.70639,1.70678,1.00,1.00
2016.10.28 07:01:21.479,1.70635,1.70678,1.00,1.00
2016.10.28 07:01:21.530,1.70637,1.70678,1.00,1.00
2016.10.28 07:01:21.631,1.70634,1.70678,1.00,1.50
2016.10.28 07:01:22.019,1.70633,1.70676,1.00,1.00
2016.10.28 07:01:23.022,1.70638,1.70681,1.50,1.00
2016.10.28 07:01:23.464,1.70639,1.70678,1.00,1.00
2016.10.28 07:01:25.544,1.70638,1.70678,1.00,1.00
2016.10.28 07:01:25.928,1.70638,1.70682,1.00,1.00
2016.10.28 07:01:25.981,1.70643,1.70686,1.00,1.00
2016.10.28 07:01:26.434,1.70646,1.70689,1.00,1.50
2016.10.28 07:01:26.747,1.70645,1.70687,1.00,1.00
2016.10.28 07:01:26.899,1.70645,1.70689,1.00,1.00
2016.10.28 07:01:27.347,1.70647,1.70688,1.00,1.00
2016.10.28 07:01:27.963,1.70648,1.70689,1.00,1.00
2016.10.28 07:01:28.618,1.70645,1.70689,1.50,1.00
2016.10.28 07:01:29.059,1.7064,1.70683,1.00,1.00
2016.10.28 07:01:29.160,1.70638,1.70683,1.50,1.00
2016.10.28 07:01:29.211,1.70643,1.70688,1.00,1.00
2016.10.28 07:01:29.733,1.70644,1.70688,1.00,1.00
2016.10.28 07:01:30.546,1.70643,1.70688,1.00,1.00
2016.10.28 07:01:31.354,1.70644,1.70687,1.00,1.00
2016.10.28 07:01:31.625,1.70642,1.70686,1.00,1.00
2016.10.28 07:01:32.006,1.70642,1.70678,1.00,1.00
2016.10.28 07:01:32.357,1.70644,1.70688,1.00,1.00
2016.10.28 07:01:32.469,1.70644,1.70679,1.00,1.00
2016.10.28 07:01:33.788,1.70646,1.70688,1.00,1.00
2016.10.28 07:01:34.752,1.70643,1.70688,1.00,1.50
2016.10.28 07:01:35.362,1.70644,1.70688,1.00,1.00
2016.10.28 07:01:35.463,1.70642,1.70685,1.00,1.00
2016.10.28 07:01:37.965,1.70642,1.70679,1.00,1.00
2016.10.28 07:01:38.404,1.70641,1.70685,1.00,1.00
2016.10.28 07:01:38.455,1.7064,1.70683,1.00,1.00
2016.10.28 07:01:39.327,1.7064,1.70678,1.00,1.00
2016.10.28 07:01:39.926,1.70642,1.70668,1.00,1.00
2016.10.28 07:01:40.007,1.70634,1.70668,1.12,1.00
2016.10.28 07:01:40.057,1.70636,1.70668,1.00,1.00
2016.10.28 07:01:40.108,1.70633,1.70676,1.00,1.00
2016.10.28 07:01:40.210,1.70631,1.70674,1.00,1.00
2016.10.28 07:01:40.614,1.70628,1.70673,1.00,1.00
2016.10.28 07:01:40.715,1.7063,1.70668,1.00,1.00
2016.10.28 07:01:41.282,1.70633,1.70676,1.00,1.50
2016.10.28 07:01:41.333,1.70629,1.70674,1.00,1.00
2016.10.28 07:01:41.773,1.70629,1.70668,1.00,1.00
2016.10.28 07:01:42.107,1.70631,1.70668,1.00,1.00
2016.10.28 07:01:42.208,1.7063,1.70675,1.00,1.00
2016.10.28 07:01:42.327,1.70632,1.70675,1.00,1.00
2016.10.28 07:01:42.736,1.70629,1.70673,1.00,1.00
2016.10.28 07:01:42.787,1.70631,1.70673,1.00,1.00
2016.10.28 07:01:42.888,1.70635,1.70679,1.00,1.50
2016.10.28 07:01:42.939,1.70641,1.70679,1.00,1.00
2016.10.28 07:01:43.478,1.70639,1.70679,1.00,1.00
2016.10.28 07:01:44.384,1.70639,1.70684,1.00,1.50
2016.10.28 07:01:44.486,1.70647,1.70689,1.00,1.50
2016.10.28 07:01:44.587,1.70651,1.70696,1.00,1.00
2016.10.28 07:01:44.672,1.7065,1.70694,1.00,1.00
2016.10.28 07:01:44.823,1.70651,1.70696,1.00,1.00
2016.10.28 07:01:45.538,1.70652,1.70688,1.00,1.00
2016.10.28 07:01:46.319,1.70652,1.70689,1.00,1.00
2016.10.28 07:01:47.087,1.70658,1.70689,1.00,1.00
2016.10.28 07:01:47.391,1.70662,1.70698,1.00,1.00
2016.10.28 07:01:47.618,1.7066,1.70699,1.00,1.00
2016.10.28 07:01:47.719,1.70662,1.70698,1.00,1.00
2016.10.28 07:01:48.262,1.70659,1.70698,1.00,1.00
2016.10.28 07:01:49.017,1.70658,1.70699,1.00,1.00
2016.10.28 07:01:49.789,1.70658,1.70688,1.00,1.00
2016.10.28 07:01:50.891,1.70658,1.70698,1.00,1.00
2016.10.28 07:01:51.380,1.7066,1.70698,1.00,1.00
2016.10.28 07:01:52.092,1.7066,1.70699,1.00,1.00
2016.10.28 07:01:54.095,1.7066,1.70698,1.00,1.00
2016.10.28 07:01:54.641,1.70663,1.70699,1.00,1.00
2016.10.28 07:01:56.598,1.70691,1.70729,1.00,1.75
2016.10.28 07:01:56.672,1.70692,1.70728,1.00,1.00
2016.10.28 07:01:56.773,1.70694,1.70737,1.00,1.37
2016.10.28 07:01:56.824,1.70696,1.70738,1.00,1.37
2016.10.28 07:01:56.940,1.70696,1.70738,1.00,1.00
2016.10.28 07:01:57.734,1.70689,1.70732,1.00,1.00
2016.10.28 07:01:58.116,1.70689,1.70728,1.00,1.00
2016.10.28 07:01:58.632,1.70688,1.70728,1.00,1.00
2016.10.28 07:01:59.449,1.70688,1.70731,1.00,1.00
2016.10.28 07:01:59.805,1.70688,1.70729,1.00,1.00
2016.10.28 07:01:59.957,1.70685,1.70729,1.00,1.00
2016.10.28 07:02:00.120,1.70687,1.7073,1.00,1.00
2016.10.28 07:02:00.460,1.70687,1.7073,1.37,1.00
2016.10.28 07:02:00.511,1.70696,1.70738,1.00,1.00
2016.10.28 07:02:01.083,1.70696,1.70739,1.00,1.00
2016.10.28 07:02:01.717,1.70695,1.70739,1.00,1.00
2016.10.28 07:02:02.514,1.70702,1.70745,1.00,1.00
2016.10.28 07:02:02.842,1.70699,1.70739,1.00,1.00
2016.10.28 07:02:03.280,1.70699,1.70743,1.00,1.00
2016.10.28 07:02:03.681,1.70702,1.70744,1.00,1.00
2016.10.28 07:02:03.732,1.707,1.70745,1.00,1.00
2016.10.28 07:02:04.317,1.70701,1.70745,1.00,1.00
2016.10.28 07:02:04.468,1.70703,1.70748,1.00,1.00
2016.10.28 07:02:04.995,1.70705,1.70749,1.00,1.00
2016.10.28 07:02:05.248,1.70703,1.70748,1.00,1.50
2016.10.28 07:02:05.450,1.70702,1.70746,1.12,1.00
2016.10.28 07:02:06.125,1.70702,1.70747,1.00,1.00
2016.10.28 07:02:06.550,1.70699,1.70742,1.00,1.00
2016.10.28 07:02:06.869,1.70697,1.7074,1.00,1.00
2016.10.28 07:02:06.931,1.70695,1.7074,1.00,1.00
2016.10.28 07:02:07.664,1.70697,1.7074,1.00,1.00
2016.10.28 07:02:08.662,1.70695,1.7074,1.00,1.00
2016.10.28 07:02:09.422,1.70696,1.70741,1.00,1.00
2016.10.28 07:02:09.523,1.70698,1.70741,1.00,1.00
2016.10.28 07:02:10.382,1.70696,1.70742,1.00,1.00
2016.10.28 07:02:10.483,1.70698,1.7074,1.00,1.00
2016.10.28 07:02:10.584,1.70695,1.70739,1.00,1.00
2016.10.28 07:02:10.977,1.70694,1.70737,1.00,1.00
2016.10.28 07:02:12.771,1.70694,1.70739,1.00,1.50
2016.10.28 07:02:13.656,1.70695,1.70739,1.00,1.00
2016.10.28 07:02:14.162,1.70697,1.70738,1.00,1.00
2016.10.28 07:02:14.712,1.70697,1.70742,1.00,1.00
2016.10.28 07:02:16.050,1.70698,1.70743,1.00,1.00
2016.10.28 07:02:16.151,1.70697,1.7074,1.00,1.00
2016.10.28 07:02:16.253,1.70698,1.70743,1.00,1.00
2016.10.28 07:02:16.794,1.70698,1.70741,1.00,1.00
2016.10.28 07:02:17.427,1.70712,1.70748,1.00,1.00
2016.10.28 07:02:17.478,1.70717,1.70759,1.00,1.00
2016.10.28 07:02:17.579,1.70717,1.70762,1.00,1.00
2016.10.28 07:02:17.730,1.70717,1.7076,1.00,1.00
2016.10.28 07:02:18.083,1.70716,1.70758,1.00,1.00
2016.10.28 07:02:18.880,1.70715,1.70748,1.00,1.00
2016.10.28 07:02:19.660,1.70723,1.70763,1.00,1.00
2016.10.28 07:02:19.711,1.70721,1.70763,1.00,1.50
2016.10.28 07:02:20.104,1.70721,1.70758,1.00,1.00
2016.10.28 07:02:20.155,1.70717,1.70758,1.00,1.00
2016.10.28 07:02:20.433,1.70719,1.70759,1.00,1.00
2016.10.28 07:02:21.094,1.7072,1.70758,1.00,1.00
2016.10.28 07:02:21.602,1.70719,1.70758,1.00,1.00
2016.10.28 07:02:21.704,1.70717,1.70758,1.00,1.00
2016.10.28 07:02:21.755,1.70722,1.70765,1.00,1.00
2016.10.28 07:02:21.808,1.70725,1.70768,1.00,1.50
2016.10.28 07:02:22.111,1.70732,1.70768,1.00,1.00
2016.10.28 07:02:23.198,1.70733,1.70768,1.00,1.00
2016.10.28 07:02:23.249,1.70734,1.70778,1.00,1.00
2016.10.28 07:02:23.301,1.70739,1.70778,1.00,1.00
2016.10.28 07:02:23.352,1.70739,1.70782,1.00,1.00
2016.10.28 07:02:23.402,1.70742,1.70785,1.00,1.00
2016.10.28 07:02:23.813,1.70742,1.70787,1.00,1.00
2016.10.28 07:02:23.864,1.70744,1.70787,1.00,1.00
2016.10.28 07:02:24.249,1.70747,1.70788,1.00,1.00
2016.10.28 07:02:26.249,1.70749,1.70788,1.00,1.00
2016.10.28 07:02:26.815,1.7075,1.70788,1.00,1.00
2016.10.28 07:02:27.378,1.70751,1.70789,1.00,1.00
2016.10.28 07:02:28.498,1.70757,1.70798,2.25,1.00
2016.10.28 07:02:28.600,1.70758,1.70798,1.00,1.00
2016.10.28 07:02:28.701,1.70758,1.70803,1.00,1.00
2016.10.28 07:02:28.853,1.70753,1.70798,1.00,1.00
2016.10.28 07:02:29.177,1.70753,1.70796,1.00,1.00
2016.10.28 07:02:30.229,1.70755,1.70798,1.37,1.00
2016.10.28 07:02:30.547,1.70767,1.70799,1.00,1.00
2016.10.28 07:02:30.699,1.70775,1.70818,1.00,1.00
2016.10.28 07:02:31.100,1.70777,1.70818,1.00,1.00
2016.10.28 07:02:31.423,1.70774,1.70808,1.00,1.00
2016.10.28 07:02:31.961,1.70769,1.70809,1.00,1.00
2016.10.28 07:02:32.215,1.70773,1.70809,1.00,1.00
2016.10.28 07:02:32.317,1.70771,1.70809,1.00,1.00
2016.10.28 07:02:32.368,1.70775,1.70808,1.00,1.00
2016.10.28 07:02:32.469,1.70774,1.70817,1.50,1.00
2016.10.28 07:02:32.854,1.70774,1.70809,1.00,1.00
2016.10.28 07:02:32.905,1.70766,1.70809,1.00,1.50
2016.10.28 07:02:33.249,1.70764,1.70809,1.87,1.50
2016.10.28 07:02:34.118,1.70764,1.70807,1.00,1.00
2016.10.28 07:02:34.572,1.70764,1.70799,1.00,1.00
2016.10.28 07:02:35.285,1.70764,1.70803,1.00,1.00
2016.10.28 07:02:35.386,1.70757,1.70799,1.75,1.00
2016.10.28 07:02:35.538,1.70751,1.70795,1.75,1.00
2016.10.28 07:02:35.589,1.70751,1.70795,1.00,1.00
2016.10.28 07:02:35.744,1.70751,1.70793,1.00,1.00
2016.10.28 07:02:36.574,1.70745,1.70777,1.00,1.00
2016.10.28 07:02:36.861,1.7073,1.70773,1.00,1.00
2016.10.28 07:02:39.983,1.7073,1.70775,1.00,1.00
2016.10.28 07:02:40.895,1.70729,1.70774,1.37,1.00
2016.10.28 07:02:41.214,1.70729,1.70769,1.00,1.00
2016.10.28 07:02:41.846,1.7073,1.70769,1.00,1.00
2016.10.28 07:02:42.161,1.70732,1.70769,1.00,1.00
2016.10.28 07:02:42.211,1.70736,1.70778,1.00,1.50
2016.10.28 07:02:42.262,1.70739,1.70778,1.00,1.00
2016.10.28 07:02:42.313,1.70741,1.70784,1.00,1.00
2016.10.28 07:02:42.364,1.70743,1.70787,1.00,1.00
2016.10.28 07:02:42.414,1.70745,1.70789,1.00,1.37
2016.10.28 07:02:43.322,1.70749,1.70789,1.00,1.00
2016.10.28 07:02:43.424,1.70745,1.70789,1.50,1.00
2016.10.28 07:02:43.676,1.70747,1.70789,1.00,1.00
2016.10.28 07:02:43.878,1.70745,1.70788,1.50,1.00
2016.10.28 07:02:43.929,1.70745,1.70778,1.00,1.00
2016.10.28 07:02:44.202,1.70745,1.70789,1.50,1.00
2016.10.28 07:02:44.662,1.70747,1.70788,1.00,1.00
2016.10.28 07:02:45.066,1.70745,1.70789,1.50,1.00
2016.10.28 07:02:45.218,1.7074,1.70775,1.75,1.00
2016.10.28 07:02:45.620,1.70731,1.70772,1.37,1.00
2016.10.28 07:02:45.674,1.70728,1.70769,1.00,1.00
2016.10.28 07:02:45.983,1.70733,1.70768,1.00,1.00
2016.10.28 07:02:46.034,1.70737,1.7078,1.00,1.00
2016.10.28 07:02:46.085,1.70739,1.70784,1.00,1.00
2016.10.28 07:02:46.731,1.70743,1.70786,1.00,1.00
2016.10.28 07:02:47.033,1.70746,1.70788,1.00,1.00
2016.10.28 07:02:47.495,1.70749,1.70789,1.00,1.00
2016.10.28 07:02:48.025,1.70746,1.70788,1.50,1.00
2016.10.28 07:02:48.126,1.70744,1.70787,1.00,1.00
2016.10.28 07:02:48.177,1.70742,1.70785,1.00,1.00
2016.10.28 07:02:48.228,1.70742,1.70787,1.00,1.00
2016.10.28 07:02:48.380,1.70741,1.70781,1.00,1.00
2016.10.28 07:02:48.582,1.70729,1.70774,1.87,1.00
2016.10.28 07:02:49.201,1.70729,1.70773,1.00,1.00
2016.10.28 07:02:49.586,1.70731,1.70774,1.00,1.00
2016.10.28 07:02:49.889,1.70729,1.70772,1.00,1.00
2016.10.28 07:02:49.940,1.70729,1.70774,1.00,1.00
2016.10.28 07:02:50.519,1.70731,1.70774,1.00,1.00
2016.10.28 07:02:51.050,1.70732,1.70775,1.00,1.00
2016.10.28 07:02:51.732,1.70738,1.70781,1.00,1.00
2016.10.28 07:02:52.354,1.70746,1.70789,1.00,1.00
2016.10.28 07:02:52.659,1.70749,1.70789,1.00,1.00
2016.10.28 07:02:53.313,1.7075,1.70788,1.00,1.00
2016.10.28 07:02:53.814,1.7075,1.70789,1.00,1.00
2016.10.28 07:02:54.333,1.70749,1.70789,1.00,1.00
2016.10.28 07:02:56.812,1.70749,1.70788,1.00,1.00
2016.10.28 07:02:57.212,1.70755,1.70788,1.00,1.00
2016.10.28 07:02:57.302,1.70763,1.70799,1.00,1.00
2016.10.28 07:02:57.353,1.70761,1.70806,1.50,1.00
2016.10.28 07:02:57.404,1.70759,1.70802,1.00,1.00
2016.10.28 07:02:57.556,1.70753,1.70798,2.25,1.00
2016.10.28 07:02:57.657,1.70755,1.70798,1.00,1.00
2016.10.28 07:02:58.414,1.70756,1.70799,1.37,1.50
2016.10.28 07:02:58.466,1.70759,1.70804,1.12,1.00
2016.10.28 07:02:58.517,1.70761,1.70804,1.00,1.00
2016.10.28 07:02:58.821,1.70758,1.70802,1.00,1.00
2016.10.28 07:02:58.872,1.70755,1.708,1.12,1.00
2016.10.28 07:02:58.923,1.70753,1.70796,1.75,1.00
2016.10.28 07:02:58.974,1.70753,1.70796,1.00,1.00
2016.10.28 07:02:59.387,1.70755,1.70798,1.00,1.00
2016.10.28 07:02:59.696,1.70757,1.708,1.00,1.00
2016.10.28 07:03:00.540,1.70758,1.70799,1.00,1.00
2016.10.28 07:03:00.822,1.70758,1.70803,1.00,1.00
2016.10.28 07:03:01.093,1.70758,1.70801,1.00,1.00
2016.10.28 07:03:01.595,1.70756,1.70801,1.00,1.00
2016.10.28 07:03:01.645,1.70756,1.70799,1.00,1.50
2016.10.28 07:03:02.189,1.70758,1.70798,1.00,1.00
2016.10.28 07:03:02.548,1.70761,1.70798,1.00,1.00
2016.10.28 07:03:02.978,1.70759,1.70799,1.50,1.00
2016.10.28 07:03:03.429,1.7076,1.70803,1.00,1.00
2016.10.28 07:03:03.682,1.70763,1.70806,1.00,1.00
2016.10.28 07:03:04.124,1.70761,1.70806,1.00,1.00
2016.10.28 07:03:04.675,1.70762,1.70807,1.00,1.00
2016.10.28 07:03:04.726,1.7076,1.70805,1.50,1.00
2016.10.28 07:03:05.164,1.70762,1.70805,1.00,1.00
2016.10.28 07:03:05.416,1.7076,1.70805,1.00,1.00
2016.10.28 07:03:06.727,1.70762,1.70805,1.00,1.00
2016.10.28 07:03:07.049,1.70761,1.70799,1.00,1.00
2016.10.28 07:03:07.564,1.70762,1.70799,1.00,1.00
2016.10.28 07:03:08.159,1.70762,1.70798,1.00,1.00
2016.10.28 07:03:08.412,1.70758,1.70799,1.00,1.50
2016.10.28 07:03:08.514,1.70754,1.70797,1.12,1.00
2016.10.28 07:03:08.565,1.70753,1.70795,1.00,1.00
2016.10.28 07:03:08.818,1.70746,1.70789,1.00,1.50
2016.10.28 07:03:08.869,1.70746,1.70791,1.00,1.00
2016.10.28 07:03:09.330,1.70746,1.70788,1.50,1.00
2016.10.28 07:03:09.731,1.70748,1.70788,1.00,1.00
2016.10.28 07:03:09.883,1.70746,1.70788,1.00,1.00
2016.10.28 07:03:10.321,1.70749,1.70793,1.00,1.00
2016.10.28 07:03:10.372,1.70758,1.70798,1.00,1.00
2016.10.28 07:03:11.564,1.70756,1.70798,1.00,1.00
2016.10.28 07:03:12.133,1.70757,1.70798,1.00,1.00
2016.10.28 07:03:13.217,1.70757,1.70799,1.00,1.00
2016.10.28 07:03:15.525,1.70759,1.70798,1.00,1.00
2016.10.28 07:03:15.576,1.70757,1.70798,1.00,1.00
2016.10.28 07:03:15.826,1.70755,1.70798,1.00,1.00
2016.10.28 07:03:15.928,1.70751,1.70796,1.00,1.00
2016.10.28 07:03:16.029,1.70749,1.70793,1.00,1.00
2016.10.28 07:03:16.614,1.70749,1.70794,2.62,1.00
2016.10.28 07:03:16.944,1.70754,1.70799,1.00,1.50
2016.10.28 07:03:16.994,1.70758,1.70799,1.00,1.00
2016.10.28 07:03:17.045,1.70756,1.70801,1.00,1.00
2016.10.28 07:03:17.147,1.70756,1.70798,1.00,1.00
2016.10.28 07:03:17.349,1.70751,1.70796,1.00,1.00
2016.10.28 07:03:18.170,1.70748,1.70793,1.00,1.00
2016.10.28 07:03:18.535,1.70748,1.70788,1.00,1.00
2016.10.28 07:03:18.838,1.70746,1.70789,1.00,1.50
2016.10.28 07:03:18.889,1.70744,1.70789,1.12,1.50
2016.10.28 07:03:18.940,1.70743,1.70786,1.37,1.00
2016.10.28 07:03:19.303,1.70741,1.70785,1.12,1.00
2016.10.28 07:03:19.354,1.70743,1.70788,1.00,1.00
2016.10.28 07:03:20.925,1.70742,1.70785,1.00,1.00
2016.10.28 07:03:21.443,1.70742,1.70786,1.00,1.00
2016.10.28 07:03:22.228,1.70742,1.70787,1.50,1.00
2016.10.28 07:03:24.487,1.70742,1.70789,2.25,1.00
2016.10.28 07:03:24.537,1.70745,1.70788,1.00,1.00
2016.10.28 07:03:24.749,1.70744,1.7079,1.50,1.00
2016.10.28 07:03:24.855,1.70744,1.70788,1.50,1.00
2016.10.28 07:03:25.591,1.70744,1.70787,1.00,1.00
2016.10.28 07:03:26.114,1.70744,1.70788,1.00,1.50
2016.10.28 07:03:27.495,1.70743,1.70788,1.00,1.00
2016.10.28 07:03:28.201,1.70743,1.70786,1.00,1.00
2016.10.28 07:03:29.990,1.70743,1.70788,1.00,1.00
2016.10.28 07:03:30.142,1.70744,1.70789,1.37,1.50
2016.10.28 07:03:30.983,1.70746,1.70791,1.37,1.00
2016.10.28 07:03:31.288,1.70747,1.70789,1.37,1.00
2016.10.28 07:03:31.389,1.70747,1.70793,1.37,1.00
2016.10.28 07:03:31.491,1.70748,1.70791,1.00,1.00
2016.10.28 07:03:31.679,1.70748,1.70793,1.00,1.00
2016.10.28 07:03:32.080,1.70748,1.70789,1.00,1.00
2016.10.28 07:03:32.283,1.70749,1.70793,1.00,1.00
2016.10.28 07:03:32.894,1.70749,1.70792,1.00,1.00
2016.10.28 07:03:33.379,1.7075,1.70796,1.00,1.00
2016.10.28 07:03:33.581,1.70749,1.70788,1.00,1.00
2016.10.28 07:03:33.883,1.70749,1.70792,1.00,1.00
2016.10.28 07:03:34.596,1.70749,1.70788,1.00,1.00
2016.10.28 07:03:34.915,1.70747,1.70788,1.00,1.00
2016.10.28 07:03:34.966,1.70747,1.70792,1.00,1.00
2016.10.28 07:03:35.016,1.70745,1.70789,1.12,1.00
2016.10.28 07:03:35.545,1.70742,1.70785,1.00,1.00
2016.10.28 07:03:37.946,1.70741,1.70784,1.00,1.00
2016.10.28 07:03:38.640,1.70742,1.70787,1.00,1.00
2016.10.28 07:03:38.741,1.70744,1.70789,1.00,1.50
2016.10.28 07:03:39.293,1.70744,1.70788,1.00,1.00
2016.10.28 07:03:40.138,1.70744,1.70787,1.00,1.00
2016.10.28 07:03:41.002,1.70749,1.70788,1.00,1.00
2016.10.28 07:03:41.922,1.70749,1.70779,1.00,1.00
2016.10.28 07:03:42.009,1.70741,1.70779,1.00,1.00
2016.10.28 07:03:42.211,1.70745,1.70778,1.00,1.00
2016.10.28 07:03:42.262,1.70743,1.70778,1.00,1.00
2016.10.28 07:03:42.313,1.70743,1.70788,1.00,1.50
2016.10.28 07:03:42.365,1.70745,1.70788,1.00,1.50
2016.10.28 07:03:42.915,1.70746,1.70788,1.00,1.00
2016.10.28 07:03:43.801,1.70746,1.70789,1.00,1.00
2016.10.28 07:03:44.605,1.70745,1.70788,1.00,1.00
2016.10.28 07:03:45.191,1.70742,1.70785,1.00,1.00
2016.10.28 07:03:45.494,1.70744,1.70787,1.00,1.00
2016.10.28 07:03:46.467,1.70743,1.70786,1.00,1.00
2016.10.28 07:03:46.620,1.70744,1.70789,1.00,1.50
2016.10.28 07:03:46.722,1.70746,1.70789,1.00,1.00
2016.10.28 07:03:47.179,1.70754,1.70788,1.00,1.00
2016.10.28 07:03:47.256,1.70756,1.70799,1.00,1.00
2016.10.28 07:03:47.357,1.70756,1.70801,1.00,1.00
2016.10.28 07:03:47.794,1.70756,1.70799,1.00,1.00
2016.10.28 07:03:50.366,1.70753,1.70798,1.00,1.50
2016.10.28 07:03:50.559,1.70755,1.70798,1.00,1.50
2016.10.28 07:03:51.535,1.70744,1.70787,1.00,1.00
2016.10.28 07:03:51.837,1.70743,1.70779,1.00,1.00
2016.10.28 07:03:52.039,1.70741,1.70779,1.00,1.00
2016.10.28 07:03:52.141,1.70739,1.70779,1.00,1.00
2016.10.28 07:03:53.019,1.70738,1.70778,1.00,1.00
2016.10.28 07:03:53.071,1.70737,1.70782,1.00,1.00
2016.10.28 07:03:53.122,1.70733,1.70782,1.37,1.00
2016.10.28 07:03:53.172,1.70735,1.70778,1.00,1.00
2016.10.28 07:03:53.223,1.70735,1.7078,1.00,1.00
2016.10.28 07:03:53.324,1.70733,1.70778,1.00,1.00
2016.10.28 07:03:53.627,1.70731,1.70774,1.00,1.00
2016.10.28 07:03:54.216,1.70732,1.70775,1.00,1.00
2016.10.28 07:03:54.803,1.70732,1.70777,1.00,1.00
2016.10.28 07:03:55.456,1.70732,1.70775,1.00,1.00
2016.10.28 07:03:58.968,1.7073,1.70773,1.00,1.00
2016.10.28 07:04:00.219,1.70727,1.70769,1.00,1.00
2016.10.28 07:04:00.320,1.70724,1.70767,1.00,1.00
2016.10.28 07:04:00.370,1.70722,1.70765,1.00,1.00
2016.10.28 07:04:00.572,1.70717,1.70761,1.00,1.00
2016.10.28 07:04:00.876,1.70719,1.70761,1.00,1.00
2016.10.28 07:04:00.927,1.70717,1.7076,1.50,1.00
2016.10.28 07:04:01.475,1.70716,1.70761,1.00,1.00
2016.10.28 07:04:01.525,1.70725,1.70765,1.00,1.00
2016.10.28 07:04:01.576,1.70725,1.70768,1.00,1.00
2016.10.28 07:04:02.949,1.70726,1.70769,1.00,1.00
2016.10.28 07:04:03.257,1.70724,1.70769,1.00,1.00
2016.10.28 07:04:03.586,1.70723,1.70767,1.00,1.00
2016.10.28 07:04:04.091,1.70724,1.70768,1.00,1.00
2016.10.28 07:04:04.414,1.70717,1.70758,1.00,1.00
2016.10.28 07:04:04.666,1.70717,1.7076,1.00,1.00
2016.10.28 07:04:04.870,1.7072,1.70762,1.00,1.00
2016.10.28 07:04:04.971,1.70717,1.7076,1.12,1.00
2016.10.28 07:04:05.493,1.70717,1.70762,1.00,1.00
2016.10.28 07:04:05.544,1.70719,1.70763,1.00,1.00
2016.10.28 07:04:05.948,1.70717,1.70759,1.00,1.00
2016.10.28 07:04:06.402,1.70719,1.70759,1.00,1.00
2016.10.28 07:04:06.830,1.70717,1.70758,1.00,1.00
2016.10.28 07:04:06.931,1.70715,1.70758,1.00,1.50
2016.10.28 07:04:06.982,1.70725,1.70758,1.00,1.00
2016.10.28 07:04:07.083,1.70732,1.70777,1.00,2.25
2016.10.28 07:04:07.184,1.7073,1.70768,1.00,1.00
2016.10.28 07:04:07.286,1.7073,1.70775,1.00,1.00
2016.10.28 07:04:07.337,1.70732,1.70774,1.00,1.00
2016.10.28 07:04:07.852,1.70735,1.70778,1.00,1.00
2016.10.28 07:04:08.054,1.70732,1.70776,1.37,1.00
2016.10.28 07:04:08.209,1.70735,1.70779,1.00,1.00
2016.10.28 07:04:08.260,1.70737,1.70778,1.00,1.00
2016.10.28 07:04:08.797,1.70737,1.70779,1.00,1.00
2016.10.28 07:04:09.330,1.70731,1.70776,1.50,1.00
2016.10.28 07:04:09.381,1.70731,1.70778,1.50,1.00
2016.10.28 07:04:09.432,1.70735,1.70778,1.00,1.00
2016.10.28 07:04:09.856,1.70733,1.70778,1.00,1.00
2016.10.28 07:04:10.282,1.70736,1.70779,1.00,1.50
2016.10.28 07:04:10.383,1.70734,1.70779,1.00,1.50
2016.10.28 07:04:10.434,1.70736,1.70779,1.00,1.00
2016.10.28 07:04:10.535,1.70734,1.70779,1.00,1.50
2016.10.28 07:04:10.586,1.70734,1.70777,1.00,1.00
2016.10.28 07:04:11.075,1.70736,1.70779,1.00,1.50
2016.10.28 07:04:11.509,1.70738,1.70779,1.00,1.00
2016.10.28 07:04:12.610,1.70739,1.70779,1.00,1.00
2016.10.28 07:04:12.951,1.70741,1.70785,1.00,1.00
2016.10.28 07:04:13.113,1.70743,1.70786,1.00,1.50
2016.10.28 07:04:14.003,1.70744,1.70787,1.00,1.00
2016.10.28 07:04:14.328,1.70753,1.70788,1.00,1.00
2016.10.28 07:04:14.466,1.70751,1.70788,1.00,1.00
2016.10.28 07:04:15.059,1.70752,1.70795,1.00,1.00
2016.10.28 07:04:15.111,1.70753,1.70797,1.00,1.50
2016.10.28 07:04:15.468,1.70756,1.70798,1.00,1.00
2016.10.28 07:04:16.379,1.70758,1.70798,1.00,1.00
2016.10.28 07:04:16.783,1.70753,1.70798,1.00,1.00
2016.10.28 07:04:16.886,1.70752,1.70796,1.00,1.00
2016.10.28 07:04:17.392,1.70752,1.70794,1.00,1.00
2016.10.28 07:04:17.696,1.70743,1.70788,1.00,1.50
2016.10.28 07:04:17.847,1.70745,1.70788,1.00,1.50
2016.10.28 07:04:18.298,1.70745,1.70778,1.00,1.00
2016.10.28 07:04:18.820,1.70745,1.70779,1.00,1.00
2016.10.28 07:04:18.972,1.70745,1.70788,1.00,1.00
2016.10.28 07:04:19.158,1.70739,1.70781,1.12,1.00
2016.10.28 07:04:19.586,1.70734,1.70778,1.37,1.00
2016.10.28 07:04:19.889,1.70735,1.70768,1.00,1.00
2016.10.28 07:04:20.990,1.70738,1.70778,1.00,1.00
2016.10.28 07:04:21.461,1.70736,1.70779,1.00,1.00
2016.10.28 07:04:22.329,1.70736,1.70781,1.00,1.00
2016.10.28 07:04:22.770,1.70737,1.70779,1.00,1.00
2016.10.28 07:04:23.873,1.70739,1.70782,1.00,1.00
2016.10.28 07:04:24.078,1.70738,1.70778,1.00,1.00
2016.10.28 07:04:24.129,1.70736,1.70778,1.00,1.00
2016.10.28 07:04:24.281,1.70738,1.70778,1.00,1.00
2016.10.28 07:04:25.267,1.70739,1.70778,1.00,1.00
2016.10.28 07:04:27.471,1.70737,1.70778,1.00,1.00
2016.10.28 07:04:28.199,1.70738,1.70778,1.00,1.00
2016.10.28 07:04:29.029,1.7074,1.70778,1.00,1.00
2016.10.28 07:04:29.619,1.70742,1.70779,1.00,1.00
2016.10.28 07:04:29.822,1.7074,1.70779,1.00,1.00
2016.10.28 07:04:31.130,1.70738,1.70779,1.00,1.00
2016.10.28 07:04:31.238,1.70745,1.70778,1.00,1.00
2016.10.28 07:04:31.288,1.70746,1.70787,1.00,1.00
2016.10.28 07:04:31.339,1.70752,1.70793,1.00,1.00
2016.10.28 07:04:31.390,1.7075,1.70792,1.00,1.00
2016.10.28 07:04:31.441,1.70753,1.70797,1.00,1.00
2016.10.28 07:04:31.542,1.70754,1.70799,1.00,1.50
2016.10.28 07:04:31.693,1.70753,1.70796,1.00,1.00
2016.10.28 07:04:32.260,1.70752,1.70794,1.00,1.00
2016.10.28 07:04:32.794,1.70748,1.70793,1.00,1.00
2016.10.28 07:04:32.845,1.70744,1.70785,1.00,1.00
2016.10.28 07:04:33.047,1.70741,1.70783,1.00,1.00
2016.10.28 07:04:33.148,1.70736,1.70781,1.50,1.00
2016.10.28 07:04:33.631,1.70736,1.70779,1.00,1.00
2016.10.28 07:04:34.165,1.70737,1.7078,1.00,1.00
2016.10.28 07:04:35.512,1.70737,1.70781,1.00,1.00
2016.10.28 07:04:35.833,1.70732,1.70776,1.00,1.00
2016.10.28 07:04:36.134,1.70732,1.70774,1.00,1.00
2016.10.28 07:04:36.769,1.70735,1.70779,1.00,1.00
2016.10.28 07:04:36.820,1.70738,1.70782,1.00,1.00
2016.10.28 07:04:37.196,1.70736,1.7078,1.00,1.00
2016.10.28 07:04:37.398,1.70733,1.70778,1.00,1.00
2016.10.28 07:04:38.096,1.70733,1.70776,1.00,1.00
2016.10.28 07:04:38.670,1.70734,1.70777,1.00,1.50
2016.10.28 07:04:39.572,1.70732,1.70777,1.00,1.50
2016.10.28 07:04:39.774,1.70733,1.70775,1.00,1.00
2016.10.28 07:04:40.243,1.70731,1.70775,1.00,1.00
2016.10.28 07:04:41.115,1.70732,1.70776,1.00,1.00
2016.10.28 07:04:41.519,1.70734,1.70777,1.00,1.00
2016.10.28 07:04:42.933,1.70735,1.70777,1.00,1.00
2016.10.28 07:04:43.479,1.70734,1.70777,1.00,1.00
2016.10.28 07:04:44.021,1.70733,1.70777,1.00,1.00
2016.10.28 07:04:45.433,1.70733,1.70775,1.00,1.00
2016.10.28 07:04:46.299,1.70735,1.70778,1.00,2.25
2016.10.28 07:04:46.847,1.70734,1.70778,1.00,2.25
2016.10.28 07:04:47.461,1.70734,1.70774,1.00,1.00
2016.10.28 07:04:48.138,1.70734,1.70776,1.00,1.00
2016.10.28 07:04:49.528,1.70734,1.70768,1.00,1.00
2016.10.28 07:04:49.629,1.70736,1.70776,1.00,1.00
2016.10.28 07:04:49.731,1.70732,1.70773,1.00,1.00
2016.10.28 07:04:49.832,1.70731,1.70776,1.50,1.00
2016.10.28 07:04:49.883,1.70734,1.70778,1.00,1.50
2016.10.28 07:04:50.424,1.70736,1.70778,1.00,1.00
2016.10.28 07:04:50.728,1.70737,1.7078,1.00,1.00
2016.10.28 07:04:51.639,1.70736,1.70778,1.00,1.00
2016.10.28 07:04:53.274,1.70734,1.70778,1.00,1.00
2016.10.28 07:04:54.397,1.70732,1.70777,1.00,1.00
2016.10.28 07:04:54.819,1.70736,1.70778,1.00,1.00
2016.10.28 07:04:55.121,1.70746,1.70788,1.00,2.25
2016.10.28 07:04:56.524,1.70745,1.70788,1.00,1.00
2016.10.28 07:04:57.591,1.70745,1.70787,1.00,1.00
2016.10.28 07:04:59.046,1.70741,1.70784,1.00,1.00
2016.10.28 07:04:59.097,1.70739,1.70783,1.00,1.00
2016.10.28 07:04:59.148,1.70741,1.70784,1.00,1.00
2016.10.28 07:04:59.486,1.70739,1.70778,1.00,1.00
2016.10.28 07:04:59.650,1.70737,1.70778,1.00,1.00
2016.10.28 07:04:59.751,1.70733,1.70776,1.00,1.00
2016.10.28 07:05:00.194,1.70732,1.70774,1.00,1.00
2016.10.28 07:05:00.766,1.70732,1.70775,1.00,1.00
2016.10.28 07:05:02.072,1.70733,1.70775,1.00,1.00
2016.10.28 07:05:02.125,1.70731,1.70776,1.00,1.00
2016.10.28 07:05:02.623,1.70733,1.70776,1.00,1.00
2016.10.28 07:05:03.068,1.7073,1.70773,1.00,1.00
2016.10.28 07:05:03.671,1.70725,1.70766,1.00,1.00
2016.10.28 07:05:04.064,1.70721,1.70765,1.00,1.00
2016.10.28 07:05:05.202,1.70722,1.70766,1.00,1.00
2016.10.28 07:05:05.253,1.70724,1.70766,1.00,1.00
2016.10.28 07:05:05.766,1.70724,1.70767,1.00,1.00
2016.10.28 07:05:06.081,1.70731,1.70768,1.00,1.00
2016.10.28 07:05:06.182,1.70731,1.70776,1.00,1.00
2016.10.28 07:05:06.917,1.70732,1.70776,1.00,1.00
2016.10.28 07:05:06.968,1.70732,1.70768,1.00,1.00
2016.10.28 07:05:07.520,1.70733,1.70769,1.00,1.00
2016.10.28 07:05:08.687,1.70734,1.70769,1.00,1.00
2016.10.28 07:05:08.838,1.70732,1.70769,1.00,1.00
2016.10.28 07:05:08.995,1.70734,1.70769,1.00,1.00
2016.10.28 07:05:09.045,1.70734,1.70776,1.00,1.50
2016.10.28 07:05:09.298,1.70736,1.70778,1.00,1.50
2016.10.28 07:05:09.814,1.70735,1.70778,1.00,1.00
2016.10.28 07:05:09.997,1.70733,1.70778,1.00,1.50
2016.10.28 07:05:11.270,1.70733,1.70777,1.00,1.00
2016.10.28 07:05:11.781,1.70732,1.70776,1.00,1.00
2016.10.28 07:05:12.886,1.70743,1.70777,1.00,1.00
2016.10.28 07:05:12.988,1.70741,1.70777,1.00,1.00
2016.10.28 07:05:13.039,1.70741,1.70779,1.00,1.00
2016.10.28 07:05:13.241,1.70738,1.70778,1.00,1.00
2016.10.28 07:05:13.545,1.70736,1.70778,1.00,1.00
2016.10.28 07:05:14.423,1.70733,1.70778,1.00,1.00
2016.10.28 07:05:14.933,1.70735,1.70778,1.00,1.00
2016.10.28 07:05:15.789,1.70735,1.70779,1.00,2.25
2016.10.28 07:05:16.098,1.70737,1.70778,1.00,1.00
2016.10.28 07:05:17.858,1.70737,1.70782,1.00,1.00
2016.10.28 07:05:18.889,1.70739,1.70781,1.00,1.00
2016.10.28 07:05:18.940,1.70738,1.70783,1.00,1.00
2016.10.28 07:05:19.092,1.70743,1.70786,1.00,1.50
2016.10.28 07:05:20.260,1.70744,1.70786,1.00,1.00
2016.10.28 07:05:20.409,1.70741,1.70786,1.00,1.00
2016.10.28 07:05:20.561,1.70743,1.70787,1.00,1.00
2016.10.28 07:05:20.900,1.7074,1.70782,1.00,1.00
2016.10.28 07:05:20.951,1.70739,1.70784,1.00,1.00
2016.10.28 07:05:21.433,1.70741,1.70786,1.00,1.00
2016.10.28 07:05:21.758,1.70743,1.70785,1.00,1.00
2016.10.28 07:05:22.222,1.70746,1.70788,1.00,1.50
2016.10.28 07:05:22.764,1.70745,1.70788,1.00,1.50
2016.10.28 07:05:23.066,1.70742,1.70785,1.00,1.00
2016.10.28 07:05:23.369,1.70749,1.70792,1.00,1.50
2016.10.28 07:05:23.881,1.70753,1.70789,1.00,1.00
2016.10.28 07:05:23.933,1.70761,1.70798,1.00,1.00
2016.10.28 07:05:23.984,1.7076,1.70803,1.00,1.00
2016.10.28 07:05:24.215,1.70757,1.70798,1.00,1.00
2016.10.28 07:05:25.871,1.70759,1.70798,1.00,1.00
2016.10.28 07:05:27.120,1.7076,1.70798,1.00,1.00
2016.10.28 07:05:27.475,1.7076,1.70803,1.00,1.00
2016.10.28 07:05:28.577,1.7076,1.70798,1.00,1.00
2016.10.28 07:05:28.777,1.7076,1.70803,1.00,1.00
2016.10.28 07:05:30.030,1.70758,1.70803,1.00,1.00
2016.10.28 07:05:31.377,1.70759,1.70802,1.00,1.00
2016.10.28 07:05:31.428,1.70754,1.70797,1.00,1.00
2016.10.28 07:05:31.949,1.70753,1.70798,1.00,1.00
2016.10.28 07:05:32.561,1.70759,1.70799,1.00,1.00
2016.10.28 07:05:32.727,1.70759,1.70804,1.00,1.00
2016.10.28 07:05:33.040,1.70762,1.70807,1.00,1.00
2016.10.28 07:05:33.643,1.70764,1.70807,1.00,1.00
2016.10.28 07:05:33.947,1.70759,1.70802,1.00,1.00
2016.10.28 07:05:34.250,1.70756,1.70798,1.00,1.00
2016.10.28 07:05:34.766,1.70755,1.70798,1.00,1.50
2016.10.28 07:05:35.215,1.70757,1.70798,1.00,1.00
2016.10.28 07:05:35.317,1.70759,1.70802,1.00,1.00
2016.10.28 07:05:35.537,1.70758,1.70799,1.00,1.00
2016.10.28 07:05:35.926,1.70759,1.70802,1.00,1.00
2016.10.28 07:05:35.977,1.70761,1.70804,1.00,1.00
2016.10.28 07:05:36.196,1.70763,1.70808,1.00,1.50
2016.10.28 07:05:36.247,1.70763,1.70806,1.00,1.00
2016.10.28 07:05:36.596,1.70763,1.70808,1.00,1.00
2016.10.28 07:05:37.111,1.70762,1.70799,1.00,1.00
2016.10.28 07:05:37.162,1.70759,1.70802,1.00,1.00
2016.10.28 07:05:37.213,1.70766,1.70806,1.00,1.00
2016.10.28 07:05:37.314,1.70769,1.70812,1.00,1.00
2016.10.28 07:05:37.365,1.70771,1.70809,1.00,1.00
2016.10.28 07:05:37.678,1.70777,1.70809,1.00,1.00
2016.10.28 07:05:37.728,1.70775,1.70809,1.00,1.00
2016.10.28 07:05:38.165,1.70766,1.70808,1.50,1.00
2016.10.28 07:05:38.267,1.70766,1.70808,1.00,1.00
2016.10.28 07:05:39.170,1.70766,1.70809,1.00,1.00
2016.10.28 07:05:39.230,1.70764,1.70809,1.00,1.50
2016.10.28 07:05:39.464,1.70766,1.70808,1.00,1.00
2016.10.28 07:05:40.479,1.70766,1.70809,1.00,1.50
2016.10.28 07:05:40.736,1.70764,1.70809,1.00,1.50
2016.10.28 07:05:41.110,1.70761,1.70803,1.00,1.00
2016.10.28 07:05:41.975,1.70761,1.70788,1.00,1.00
2016.10.28 07:05:42.039,1.70754,1.70788,1.00,1.00
2016.10.28 07:05:42.171,1.70754,1.70797,1.00,1.00
2016.10.28 07:05:42.373,1.70755,1.70799,1.00,1.00
2016.10.28 07:05:42.474,1.70757,1.70798,1.00,1.00
2016.10.28 07:05:42.989,1.70756,1.70798,1.00,1.00
2016.10.28 07:05:43.518,1.70756,1.70799,1.00,1.50
2016.10.28 07:05:43.864,1.70758,1.70798,1.00,1.00
2016.10.28 07:05:44.411,1.70758,1.70788,1.00,1.00
2016.10.28 07:05:44.463,1.70755,1.70788,1.00,1.00
2016.10.28 07:05:44.932,1.70759,1.70788,1.00,1.00
2016.10.28 07:05:45.033,1.70757,1.70789,1.00,1.00
2016.10.28 07:05:45.293,1.70759,1.70789,1.00,1.00
2016.10.28 07:05:45.344,1.70759,1.70799,1.00,1.00
2016.10.28 07:05:45.889,1.70759,1.70798,1.00,1.00
2016.10.28 07:05:46.394,1.70758,1.70798,1.00,1.00
2016.10.28 07:05:47.766,1.70756,1.70798,1.00,1.00
2016.10.28 07:05:49.482,1.70756,1.70799,1.00,1.00
2016.10.28 07:05:49.533,1.70759,1.70799,1.00,1.00
2016.10.28 07:05:49.944,1.70757,1.70799,1.50,1.00
2016.10.28 07:05:50.818,1.70758,1.70799,1.00,1.00
2016.10.28 07:05:51.112,1.7076,1.70799,1.00,1.00
2016.10.28 07:05:51.415,1.70765,1.70798,1.00,1.00
2016.10.28 07:05:51.567,1.70766,1.70809,1.00,1.50
2016.10.28 07:05:51.617,1.70764,1.70807,1.00,1.00
2016.10.28 07:05:52.406,1.70764,1.70809,1.00,1.50
2016.10.28 07:05:52.458,1.70772,1.70809,1.00,1.00
2016.10.28 07:05:52.560,1.70769,1.70809,1.00,1.00
2016.10.28 07:05:52.764,1.70767,1.70809,1.50,1.00
2016.10.28 07:05:53.242,1.7077,1.70809,1.37,1.00
2016.10.28 07:05:53.851,1.70776,1.70808,1.00,1.00
2016.10.28 07:05:53.962,1.70776,1.70818,1.00,1.00
2016.10.28 07:05:54.463,1.70776,1.70809,1.00,1.00
2016.10.28 07:05:54.665,1.70774,1.70809,1.00,1.00
2016.10.28 07:05:55.203,1.70774,1.70808,1.00,1.00
2016.10.28 07:05:55.765,1.70772,1.70809,1.00,1.00
2016.10.28 07:05:55.816,1.70775,1.70809,1.00,1.00
2016.10.28 07:05:56.069,1.70779,1.70818,1.00,1.00
2016.10.28 07:05:56.595,1.70777,1.70819,1.00,1.00
2016.10.28 07:05:56.865,1.70776,1.70808,1.00,1.00
2016.10.28 07:05:56.946,1.70774,1.70808,1.00,1.00
2016.10.28 07:05:57.149,1.7077,1.70808,1.00,1.00
2016.10.28 07:05:57.717,1.70771,1.70809,1.00,1.00
2016.10.28 07:05:57.818,1.70769,1.70808,1.00,1.00
2016.10.28 07:05:57.869,1.70767,1.70808,1.00,1.00
2016.10.28 07:05:57.970,1.70766,1.70798,1.00,1.00
2016.10.28 07:05:58.177,1.70763,1.70798,1.00,1.00
2016.10.28 07:05:58.733,1.70763,1.70808,1.00,2.25
2016.10.28 07:05:59.050,1.70767,1.70798,1.00,1.00
2016.10.28 07:05:59.572,1.70766,1.70799,1.00,1.00
2016.10.28 07:06:00.547,1.70763,1.70799,1.00,1.00
2016.10.28 07:06:00.651,1.70761,1.70799,1.00,1.00
2016.10.28 07:06:01.158,1.70758,1.70798,1.50,1.00
2016.10.28 07:06:01.388,1.70762,1.70799,1.00,1.00
2016.10.28 07:06:01.694,1.70764,1.70799,1.00,1.00
2016.10.28 07:06:02.368,1.70764,1.70798,1.00,1.00
2016.10.28 07:06:03.019,1.70762,1.70798,1.00,1.00
2016.10.28 07:06:03.977,1.70758,1.70797,1.00,1.00
2016.10.28 07:06:04.130,1.70758,1.70795,1.00,1.00
2016.10.28 07:06:04.314,1.70753,1.70796,1.00,1.00
2016.10.28 07:06:04.466,1.70754,1.70799,1.00,2.25
2016.10.28 07:06:04.647,1.70756,1.70799,1.00,2.25
2016.10.28 07:06:05.081,1.70758,1.70799,1.00,1.00
2016.10.28 07:06:06.656,1.70764,1.70808,1.00,1.00
2016.10.28 07:06:06.808,1.70766,1.70809,1.00,1.50
2016.10.28 07:06:07.161,1.7076,1.70805,1.50,1.00
2016.10.28 07:06:07.514,1.7076,1.70797,1.00,1.00
2016.10.28 07:06:07.565,1.70754,1.70798,1.00,1.50
2016.10.28 07:06:07.767,1.70763,1.70799,1.00,1.00
2016.10.28 07:06:07.818,1.70759,1.70801,1.00,1.00
2016.10.28 07:06:07.869,1.70762,1.70805,1.00,1.00
2016.10.28 07:06:07.920,1.7076,1.70805,1.00,1.00
2016.10.28 07:06:08.022,1.70762,1.70805,1.00,1.00
2016.10.28 07:06:08.368,1.70762,1.70805,1.50,1.00
2016.10.28 07:06:08.671,1.70767,1.70809,1.00,1.00
2016.10.28 07:06:08.772,1.70765,1.70807,1.50,1.00
2016.10.28 07:06:08.873,1.70762,1.70805,1.12,1.00
2016.10.28 07:06:09.205,1.70764,1.70804,1.00,1.00
2016.10.28 07:06:09.256,1.70757,1.70798,1.00,1.00
2016.10.28 07:06:09.794,1.70757,1.70799,1.00,1.50
2016.10.28 07:06:10.643,1.7076,1.70799,1.00,1.00
2016.10.28 07:06:10.694,1.70766,1.70808,1.00,1.00
2016.10.28 07:06:11.220,1.70766,1.70809,1.00,1.00
2016.10.28 07:06:11.895,1.70766,1.70808,1.00,1.00
2016.10.28 07:06:11.996,1.70762,1.70805,1.00,1.00
2016.10.28 07:06:12.047,1.7076,1.70798,1.00,1.00
2016.10.28 07:06:12.860,1.70761,1.70798,1.00,1.00
2016.10.28 07:06:12.911,1.7076,1.70803,1.00,1.00
2016.10.28 07:06:12.963,1.7076,1.70798,1.00,1.00
2016.10.28 07:06:13.165,1.70762,1.70804,1.00,1.00
2016.10.28 07:06:13.266,1.70769,1.70809,1.00,1.00
2016.10.28 07:06:13.368,1.70771,1.70813,1.00,1.00
2016.10.28 07:06:13.469,1.70769,1.70814,1.50,1.12
2016.10.28 07:06:14.316,1.70771,1.70809,1.00,1.00
2016.10.28 07:06:15.278,1.70772,1.70814,1.00,1.00
2016.10.28 07:06:15.329,1.70776,1.70818,1.00,1.50
2016.10.28 07:06:15.598,1.70771,1.70816,1.00,1.00
2016.10.28 07:06:15.649,1.7077,1.70814,1.00,1.00
2016.10.28 07:06:15.892,1.70772,1.70817,1.00,1.50
2016.10.28 07:06:15.943,1.70772,1.70814,1.00,1.00
2016.10.28 07:06:16.289,1.70772,1.70809,1.00,1.00
2016.10.28 07:06:16.341,1.7077,1.70809,1.00,1.00
2016.10.28 07:06:16.493,1.70772,1.70809,1.00,1.00
2016.10.28 07:06:16.543,1.70774,1.70816,1.00,1.00
2016.10.28 07:06:16.695,1.70776,1.70819,1.00,1.50
2016.10.28 07:06:17.449,1.70776,1.70818,1.00,1.00
2016.10.28 07:06:17.733,1.70779,1.70818,1.00,1.00
2016.10.28 07:06:18.687,1.70779,1.70819,1.00,1.00
2016.10.28 07:06:18.740,1.70777,1.70819,1.00,1.00
2016.10.28 07:06:19.257,1.70773,1.70817,1.00,1.00
2016.10.28 07:06:19.359,1.70774,1.70814,1.00,1.00
2016.10.28 07:06:19.720,1.70776,1.70817,1.00,1.00
2016.10.28 07:06:19.855,1.70773,1.70816,1.00,1.00
2016.10.28 07:06:19.906,1.70771,1.70816,1.00,1.00
2016.10.28 07:06:19.957,1.70771,1.70809,1.00,1.00
2016.10.28 07:06:20.506,1.7077,1.70809,1.00,1.00
2016.10.28 07:06:20.887,1.70767,1.70808,1.00,1.00
2016.10.28 07:06:20.945,1.70769,1.70809,1.00,1.00
2016.10.28 07:06:21.645,1.70768,1.70809,1.00,1.00
2016.10.28 07:06:21.696,1.7077,1.70815,1.00,1.00
2016.10.28 07:06:22.010,1.70772,1.70814,1.00,1.00
2016.10.28 07:06:22.176,1.70772,1.70817,1.00,1.50
2016.10.28 07:06:22.548,1.70772,1.70808,1.00,1.00
2016.10.28 07:06:22.650,1.70772,1.70815,1.00,1.00
2016.10.28 07:06:23.949,1.70771,1.70814,1.00,1.00
2016.10.28 07:06:24.016,1.70773,1.70817,1.00,1.00
2016.10.28 07:06:24.268,1.70772,1.70814,1.00,1.00
2016.10.28 07:06:24.369,1.70772,1.70816,1.00,1.00
2016.10.28 07:06:24.521,1.70775,1.70816,1.00,1.00
2016.10.28 07:06:25.008,1.70775,1.70819,1.00,1.50
2016.10.28 07:06:25.219,1.70773,1.70818,1.00,1.00
2016.10.28 07:06:25.820,1.70774,1.70818,1.00,1.00
2016.10.28 07:06:26.598,1.70775,1.70818,1.00,1.00
2016.10.28 07:06:26.750,1.70775,1.70809,1.00,1.00
2016.10.28 07:06:26.862,1.70775,1.70818,1.00,1.00
2016.10.28 07:06:27.438,1.70775,1.70819,1.00,1.00
2016.10.28 07:06:27.495,1.70781,1.70825,1.00,1.50
2016.10.28 07:06:27.698,1.70784,1.70829,1.50,1.00
2016.10.28 07:06:28.754,1.70784,1.70828,1.50,1.00
2016.10.28 07:06:29.623,1.70783,1.70825,1.00,1.00
2016.10.28 07:06:29.730,1.7078,1.70825,1.00,1.00
2016.10.28 07:06:29.832,1.7078,1.70822,1.00,1.00
2016.10.28 07:06:29.934,1.70777,1.7082,1.00,1.00
2016.10.28 07:06:30.450,1.70775,1.7082,1.87,1.00
2016.10.28 07:06:30.775,1.70776,1.70818,1.00,1.50
2016.10.28 07:06:31.185,1.70774,1.70816,1.00,1.00
2016.10.28 07:06:32.144,1.70771,1.70816,1.00,1.00
2016.10.28 07:06:32.553,1.70773,1.70816,1.00,1.00
2016.10.28 07:06:32.781,1.70774,1.70818,1.00,1.50
2016.10.28 07:06:32.831,1.70784,1.70818,1.00,1.00
2016.10.28 07:06:32.882,1.70785,1.70829,1.00,2.62
2016.10.28 07:06:32.984,1.70788,1.70829,1.00,1.87
2016.10.28 07:06:33.451,1.70793,1.70829,1.00,1.00
2016.10.28 07:06:34.045,1.70794,1.70829,1.00,1.00
2016.10.28 07:06:34.264,1.70793,1.70838,1.00,1.50
2016.10.28 07:06:35.339,1.70793,1.70837,1.00,1.00
2016.10.28 07:06:35.466,1.70793,1.70828,1.00,1.00
2016.10.28 07:06:36.152,1.70792,1.70819,1.00,1.00
2016.10.28 07:06:36.304,1.70791,1.70829,1.00,1.00
2016.10.28 07:06:36.820,1.70792,1.70828,1.00,1.00
2016.10.28 07:06:37.386,1.70791,1.70828,1.00,1.00
2016.10.28 07:06:37.437,1.70787,1.70828,1.00,1.00
2016.10.28 07:06:37.539,1.70785,1.70827,1.00,1.00
2016.10.28 07:06:37.640,1.70783,1.70825,1.00,1.00
2016.10.28 07:06:37.691,1.70781,1.70826,1.00,1.00
2016.10.28 07:06:38.117,1.70782,1.70818,1.00,1.00
2016.10.28 07:06:38.495,1.70782,1.70825,1.00,1.00
2016.10.28 07:06:38.555,1.70782,1.70818,1.00,1.00
2016.10.28 07:06:38.741,1.7078,1.70818,1.00,1.00
2016.10.28 07:06:39.855,1.7078,1.70819,1.00,1.00
2016.10.28 07:06:40.238,1.70778,1.70818,1.00,1.00
2016.10.28 07:06:40.289,1.70776,1.70809,1.50,1.00
2016.10.28 07:06:40.491,1.70772,1.70809,1.00,1.00
2016.10.28 07:06:40.880,1.70772,1.70814,1.00,1.00
2016.10.28 07:06:41.634,1.70768,1.70811,1.00,1.00
2016.10.28 07:06:41.735,1.70769,1.70814,1.00,1.00
2016.10.28 07:06:41.787,1.70784,1.70815,1.00,1.00
2016.10.28 07:06:42.213,1.70773,1.70808,1.75,1.00
2016.10.28 07:06:42.263,1.70773,1.70808,1.00,1.00
2016.10.28 07:06:42.667,1.70775,1.70808,1.00,1.00
2016.10.28 07:06:42.920,1.70774,1.70817,1.00,1.00
2016.10.28 07:06:43.357,1.70774,1.70809,1.00,1.00
2016.10.28 07:06:43.673,1.70784,1.70818,1.00,1.00
2016.10.28 07:06:44.015,1.70786,1.70818,1.00,1.00
2016.10.28 07:06:44.620,1.70786,1.70819,1.00,1.00
2016.10.28 07:06:45.321,1.70786,1.70829,1.00,1.00
2016.10.28 07:06:46.133,1.70786,1.70828,1.00,1.00
2016.10.28 07:06:46.235,1.70789,1.70828,1.00,1.00
2016.10.28 07:06:46.285,1.70787,1.70828,1.00,1.00
2016.10.28 07:06:46.528,1.70784,1.70828,1.00,1.00
2016.10.28 07:06:46.579,1.70783,1.70826,1.00,1.00
2016.10.28 07:06:47.178,1.70778,1.70822,1.12,1.00
2016.10.28 07:06:47.267,1.70785,1.70828,1.00,1.00
2016.10.28 07:06:47.773,1.70788,1.70828,1.00,1.00
2016.10.28 07:06:48.311,1.70788,1.70829,1.00,1.00
2016.10.28 07:06:48.816,1.70788,1.70828,1.00,1.00
2016.10.28 07:06:49.721,1.70788,1.70819,1.00,1.00
2016.10.28 07:06:51.107,1.70788,1.70818,1.00,1.00
2016.10.28 07:06:51.259,1.70788,1.70829,1.00,1.00
2016.10.28 07:06:51.701,1.7079,1.70828,1.00,1.00
2016.10.28 07:06:52.114,1.70792,1.70828,1.00,1.00
2016.10.28 07:06:52.527,1.70793,1.70837,1.00,1.00
2016.10.28 07:06:53.566,1.70792,1.70837,1.00,1.00
2016.10.28 07:06:53.617,1.70791,1.70833,1.50,1.00
2016.10.28 07:06:54.005,1.70791,1.70828,1.00,1.00
2016.10.28 07:06:54.520,1.70792,1.70829,1.00,1.00
2016.10.28 07:06:55.410,1.70795,1.70829,1.00,1.00
2016.10.28 07:06:56.019,1.70795,1.70828,1.00,1.00
2016.10.28 07:06:56.565,1.70795,1.70829,1.00,1.00
2016.10.28 07:06:57.591,1.70798,1.70829,1.00,1.00
2016.10.28 07:06:57.642,1.70796,1.70839,1.00,1.50
2016.10.28 07:06:57.693,1.70794,1.70837,1.00,1.00
2016.10.28 07:06:57.847,1.70795,1.70839,1.00,1.00
2016.10.28 07:06:57.898,1.70799,1.70839,1.00,1.00
2016.10.28 07:06:58.051,1.70801,1.70843,1.00,1.00
2016.10.28 07:06:58.493,1.70801,1.70839,1.00,1.00
2016.10.28 07:07:00.385,1.70803,1.70839,1.00,1.00
2016.10.28 07:07:01.819,1.70802,1.70839,1.50,1.00
2016.10.28 07:07:02.122,1.70797,1.70828,1.00,1.00
2016.10.28 07:07:02.516,1.70794,1.70828,1.50,1.00
2016.10.28 07:07:03.264,1.70793,1.70828,1.50,1.00
2016.10.28 07:07:03.315,1.70791,1.70828,1.00,1.00
2016.10.28 07:07:03.366,1.70795,1.70828,1.00,1.00
2016.10.28 07:07:03.467,1.70795,1.70838,1.00,1.00
2016.10.28 07:07:03.518,1.70798,1.70838,1.00,1.00
2016.10.28 07:07:03.899,1.70806,1.70838,1.00,1.00
2016.10.28 07:07:03.950,1.70803,1.70838,1.00,1.00
2016.10.28 07:07:04.151,1.70799,1.70838,1.00,1.00
2016.10.28 07:07:04.202,1.70796,1.70829,1.12,1.00
2016.10.28 07:07:04.304,1.70789,1.70828,1.00,1.00
2016.10.28 07:07:04.831,1.7079,1.70819,1.00,1.50
2016.10.28 07:07:04.884,1.70769,1.70809,1.00,1.00
2016.10.28 07:07:04.935,1.70767,1.70809,1.12,1.00
2016.10.28 07:07:04.986,1.70766,1.70798,1.37,1.00
2016.10.28 07:07:05.087,1.70764,1.70809,1.87,1.50
2016.10.28 07:07:05.138,1.70764,1.70806,1.87,1.00
2016.10.28 07:07:05.188,1.70764,1.70806,1.50,1.00
2016.10.28 07:07:06.371,1.7076,1.70798,1.50,1.00
2016.10.28 07:07:06.480,1.70754,1.70798,1.00,1.50
2016.10.28 07:07:06.531,1.70751,1.70792,1.00,1.00
2016.10.28 07:07:07.443,1.70751,1.70794,1.00,1.00
2016.10.28 07:07:07.495,1.70749,1.70792,1.00,1.00
2016.10.28 07:07:07.808,1.70744,1.70789,1.00,1.50
2016.10.28 07:07:07.909,1.70745,1.70787,1.00,1.00
2016.10.28 07:07:08.482,1.70748,1.70788,1.00,1.00
2016.10.28 07:07:08.533,1.70741,1.70785,1.87,1.00
2016.10.28 07:07:08.634,1.70749,1.70788,1.00,1.00
2016.10.28 07:07:08.684,1.70752,1.70794,1.00,1.00
2016.10.28 07:07:08.735,1.70754,1.70798,1.00,1.00
2016.10.28 07:07:08.836,1.70758,1.70802,1.00,2.25
2016.10.28 07:07:09.393,1.70764,1.70808,1.00,1.50
2016.10.28 07:07:09.697,1.70753,1.70798,1.00,1.00
2016.10.28 07:07:09.747,1.70758,1.70799,1.00,1.00
2016.10.28 07:07:09.798,1.70751,1.70795,1.37,1.00
2016.10.28 07:07:09.849,1.70757,1.70799,1.00,1.00
2016.10.28 07:07:10.001,1.70762,1.70806,1.00,1.37
2016.10.28 07:07:10.102,1.70762,1.70799,1.00,1.00
2016.10.28 07:07:10.668,1.70762,1.70805,1.00,1.00
2016.10.28 07:07:10.719,1.70764,1.70806,1.00,1.00
2016.10.28 07:07:10.972,1.70762,1.70806,1.00,1.00
2016.10.28 07:07:11.175,1.70762,1.70799,1.00,1.00
2016.10.28 07:07:11.699,1.70764,1.70808,1.00,1.00
2016.10.28 07:07:12.193,1.70763,1.70805,1.12,1.00
2016.10.28 07:07:12.345,1.70762,1.70807,1.00,1.00
2016.10.28 07:07:12.446,1.70764,1.70806,1.00,1.00
2016.10.28 07:07:12.875,1.70759,1.70803,1.37,1.00
2016.10.28 07:07:12.976,1.70761,1.70805,1.37,1.00
2016.10.28 07:07:13.873,1.7076,1.70804,1.37,1.00
2016.10.28 07:07:13.925,1.7076,1.70802,1.37,1.00
2016.10.28 07:07:14.719,1.7076,1.70802,1.12,1.00
2016.10.28 07:07:15.075,1.7076,1.70799,1.12,1.00
2016.10.28 07:07:15.759,1.70763,1.70799,1.37,1.00
2016.10.28 07:07:16.121,1.70762,1.70799,1.12,1.00
2016.10.28 07:07:16.677,1.70762,1.70798,1.37,1.00
2016.10.28 07:07:17.369,1.70762,1.70798,1.00,1.00
2016.10.28 07:07:17.420,1.70762,1.70798,1.37,1.00
2016.10.28 07:07:19.982,1.70762,1.70799,1.37,1.00
2016.10.28 07:07:20.339,1.70762,1.70805,1.37,1.00
2016.10.28 07:07:20.472,1.70762,1.70805,1.12,1.00
2016.10.28 07:07:20.523,1.70762,1.70799,1.12,1.00
2016.10.28 07:07:21.101,1.70759,1.70801,1.37,1.00
2016.10.28 07:07:21.152,1.70758,1.70801,1.00,1.00
2016.10.28 07:07:21.576,1.7076,1.70802,1.00,1.00
2016.10.28 07:07:22.120,1.70757,1.70802,1.37,1.00
2016.10.28 07:07:22.171,1.70757,1.70802,1.00,1.00
2016.10.28 07:07:22.433,1.70757,1.70799,1.00,1.00
2016.10.28 07:07:23.382,1.70758,1.70799,1.00,1.00
2016.10.28 07:07:24.789,1.70758,1.70798,1.00,1.00
2016.10.28 07:07:24.890,1.70756,1.70799,1.00,1.00
2016.10.28 07:07:25.193,1.70758,1.70799,1.00,1.00
2016.10.28 07:07:25.708,1.70757,1.70799,1.00,1.00
2016.10.28 07:07:26.066,1.70757,1.70801,1.00,1.00
2016.10.28 07:07:26.846,1.70756,1.70801,1.00,1.00
2016.10.28 07:07:27.434,1.70758,1.70801,1.00,1.00
2016.10.28 07:07:28.108,1.70757,1.70801,1.00,1.00
2016.10.28 07:07:29.279,1.70757,1.708,1.00,1.00
2016.10.28 07:07:29.967,1.70757,1.708,1.37,1.00
2016.10.28 07:07:30.805,1.70757,1.70801,1.37,1.00
2016.10.28 07:07:31.366,1.70758,1.708,1.37,1.00
2016.10.28 07:07:31.467,1.70757,1.70802,1.12,1.00
2016.10.28 07:07:31.674,1.70757,1.70799,1.37,1.00
2016.10.28 07:07:31.826,1.70756,1.70798,1.12,1.00
2016.10.28 07:07:32.316,1.70754,1.70796,1.00,1.00
2016.10.28 07:07:32.366,1.70756,1.70799,1.00,1.00
2016.10.28 07:07:32.417,1.70754,1.70798,1.12,1.00
2016.10.28 07:07:32.619,1.70756,1.70794,1.00,1.00
2016.10.28 07:07:32.670,1.70756,1.70796,1.00,1.00
2016.10.28 07:07:32.721,1.70754,1.70796,1.00,1.00
2016.10.28 07:07:32.822,1.70752,1.70795,1.12,1.00
2016.10.28 07:07:32.873,1.70754,1.70796,1.00,1.00
2016.10.28 07:07:32.924,1.70752,1.70795,1.87,1.00
2016.10.28 07:07:32.975,1.70754,1.70797,1.00,1.00
2016.10.28 07:07:33.027,1.70754,1.70799,1.00,1.00
2016.10.28 07:07:33.078,1.70752,1.70796,1.87,1.00
2016.10.28 07:07:33.585,1.7075,1.70795,1.50,1.00
2016.10.28 07:07:33.636,1.70753,1.70798,1.00,1.00
2016.10.28 07:07:33.737,1.70754,1.70794,1.12,1.00
2016.10.28 07:07:33.839,1.7075,1.70793,1.12,1.00
2016.10.28 07:07:33.991,1.7075,1.70795,1.12,1.00
2016.10.28 07:07:34.042,1.70752,1.70794,1.00,1.00
2016.10.28 07:07:34.526,1.7075,1.70795,1.00,1.00
2016.10.28 07:07:35.089,1.7075,1.70795,1.37,1.00
2016.10.28 07:07:35.144,1.70752,1.70797,1.50,1.00
2016.10.28 07:07:36.233,1.70752,1.70797,1.37,1.00
2016.10.28 07:07:37.057,1.70752,1.70797,1.12,1.00
2016.10.28 07:07:37.129,1.7075,1.70795,1.00,1.00
2016.10.28 07:07:37.614,1.70749,1.70793,1.00,1.00
2016.10.28 07:07:38.199,1.70751,1.70795,1.12,1.00
2016.10.28 07:07:38.563,1.70755,1.70798,1.00,1.00
2016.10.28 07:07:39.522,1.70751,1.70793,2.25,1.00
2016.10.28 07:07:39.573,1.70752,1.70796,1.00,1.00
2016.10.28 07:07:42.380,1.70752,1.70794,1.50,1.00
2016.10.28 07:07:43.023,1.70748,1.7079,1.00,1.00
2016.10.28 07:07:43.073,1.70748,1.70792,1.50,1.00
2016.10.28 07:07:43.630,1.70753,1.70798,1.00,1.50
2016.10.28 07:07:43.681,1.70752,1.70794,1.00,1.00
2016.10.28 07:07:43.958,1.70752,1.70797,1.00,1.00
2016.10.28 07:07:44.497,1.70753,1.70797,1.00,1.00
2016.10.28 07:07:45.037,1.70753,1.70795,1.00,1.00
2016.10.28 07:07:45.978,1.70752,1.70795,1.00,1.00
2016.10.28 07:07:46.490,1.70752,1.70797,1.00,1.00
2016.10.28 07:07:46.591,1.70754,1.70798,1.00,1.50
2016.10.28 07:07:46.893,1.70756,1.70798,1.00,1.00
2016.10.28 07:07:47.549,1.70756,1.70799,1.12,1.00
2016.10.28 07:07:48.075,1.70754,1.70796,1.00,1.00
2016.10.28 07:07:48.125,1.70751,1.70796,1.50,1.00
2016.10.28 07:07:48.292,1.70752,1.70794,1.12,1.00
2016.10.28 07:07:48.901,1.70751,1.70795,1.00,1.00
2016.10.28 07:07:49.203,1.70758,1.70799,1.00,1.00
2016.10.28 07:07:50.557,1.70757,1.70798,1.12,1.00
2016.10.28 07:07:50.927,1.70755,1.70798,1.00,1.00
2016.10.28 07:07:50.977,1.70756,1.70796,1.00,1.00
2016.10.28 07:07:51.028,1.70752,1.70794,1.37,1.00
2016.10.28 07:07:51.079,1.70749,1.70789,1.37,1.00
2016.10.28 07:07:51.180,1.70748,1.70789,1.00,1.00
2016.10.28 07:07:51.231,1.70746,1.70789,1.00,1.00
2016.10.28 07:07:51.282,1.70745,1.70787,1.00,1.00
2016.10.28 07:07:51.709,1.70748,1.70788,1.00,1.00
2016.10.28 07:07:51.861,1.70744,1.70787,1.00,1.00
2016.10.28 07:07:52.181,1.70744,1.70789,1.00,1.50
2016.10.28 07:07:52.232,1.70746,1.70789,1.00,1.00
2016.10.28 07:07:52.914,1.70747,1.70788,1.00,1.00
2016.10.28 07:07:52.965,1.70747,1.7079,1.00,1.00
2016.10.28 07:07:53.016,1.70747,1.70792,1.00,1.00
2016.10.28 07:07:53.066,1.7075,1.70794,1.00,1.00
2016.10.28 07:07:53.628,1.70751,1.70795,1.00,1.00
2016.10.28 07:07:53.831,1.70752,1.70797,1.00,1.00
2016.10.28 07:07:54.219,1.70743,1.70788,1.00,1.50
2016.10.28 07:07:54.584,1.70745,1.70789,1.00,1.50
2016.10.28 07:07:54.910,1.70744,1.70787,1.00,1.00
2016.10.28 07:07:55.715,1.70744,1.70786,1.00,1.00
2016.10.28 07:07:55.766,1.70751,1.70794,1.00,1.00
2016.10.28 07:07:55.867,1.70752,1.70796,1.00,1.00
2016.10.28 07:07:56.298,1.70759,1.70798,1.00,1.00
2016.10.28 07:07:56.837,1.7076,1.70798,1.00,1.00
2016.10.28 07:07:56.888,1.70757,1.70798,1.00,1.00
2016.10.28 07:07:57.662,1.70758,1.70798,1.00,1.00
2016.10.28 07:07:57.766,1.7076,1.70798,1.00,1.00
2016.10.28 07:07:58.230,1.70754,1.70798,1.00,1.50
2016.10.28 07:07:58.300,1.70751,1.70795,1.00,1.00
2016.10.28 07:07:58.836,1.70751,1.70789,1.00,1.00
2016.10.28 07:08:00.070,1.7075,1.70789,1.00,1.00
2016.10.28 07:08:01.336,1.70744,1.70788,1.00,1.50
2016.10.28 07:08:01.437,1.70739,1.70781,1.12,1.00
2016.10.28 07:08:01.488,1.7074,1.70784,1.00,1.00
2016.10.28 07:08:01.539,1.70737,1.70781,1.00,1.00
2016.10.28 07:08:01.853,1.70737,1.70778,1.00,1.00
2016.10.28 07:08:02.401,1.70739,1.70779,1.00,1.00
2016.10.28 07:08:03.069,1.7074,1.70779,1.00,1.00
2016.10.28 07:08:06.307,1.7074,1.70785,1.00,1.00
2016.10.28 07:08:06.723,1.70741,1.70778,1.00,1.00
2016.10.28 07:08:07.301,1.70743,1.70778,1.00,1.00
2016.10.28 07:08:07.770,1.70741,1.70778,1.00,1.00
2016.10.28 07:08:07.925,1.70741,1.70784,1.00,1.00
2016.10.28 07:08:08.143,1.70748,1.70788,1.00,1.50
2016.10.28 07:08:08.761,1.70749,1.70789,1.00,1.00
2016.10.28 07:08:09.278,1.70749,1.70788,1.00,1.00
2016.10.28 07:08:09.681,1.70747,1.70789,1.00,1.00
2016.10.28 07:08:09.782,1.70749,1.70789,1.00,1.00
2016.10.28 07:08:10.211,1.70747,1.70788,1.00,1.00
2016.10.28 07:08:10.950,1.70748,1.70788,1.00,1.00
2016.10.28 07:08:12.769,1.70749,1.70788,1.00,1.00
2016.10.28 07:08:13.788,1.7075,1.70788,1.00,1.00
2016.10.28 07:08:13.932,1.7075,1.70789,1.37,1.00
2016.10.28 07:08:14.465,1.70751,1.70788,1.00,1.00
2016.10.28 07:08:14.556,1.70749,1.70788,1.12,1.00
2016.10.28 07:08:15.059,1.7075,1.70788,1.00,1.00
2016.10.28 07:08:15.583,1.70749,1.70788,1.00,1.00
2016.10.28 07:08:16.194,1.70748,1.70789,1.00,1.00
2016.10.28 07:08:16.448,1.70747,1.70783,1.00,1.00
2016.10.28 07:08:16.550,1.70736,1.70779,1.75,1.00
2016.10.28 07:08:16.651,1.7074,1.70783,1.00,1.50
2016.10.28 07:08:16.753,1.7074,1.70785,1.00,1.00
2016.10.28 07:08:17.316,1.70739,1.70778,1.00,1.00
2016.10.28 07:08:18.024,1.70738,1.70779,1.00,1.00
2016.10.28 07:08:18.142,1.70738,1.70783,1.00,1.00
2016.10.28 07:08:19.697,1.70739,1.70783,1.00,1.00
2016.10.28 07:08:19.997,1.7074,1.70785,1.00,1.00
2016.10.28 07:08:20.533,1.70742,1.70784,1.00,1.00
2016.10.28 07:08:21.010,1.7074,1.70785,1.00,1.00
2016.10.28 07:08:21.318,1.70742,1.70784,1.00,1.00
2016.10.28 07:08:21.890,1.70741,1.70784,1.00,1.00
2016.10.28 07:08:24.151,1.70741,1.70778,1.00,1.00
2016.10.28 07:08:24.594,1.70739,1.70779,1.00,1.00
2016.10.28 07:08:24.975,1.70736,1.70779,1.00,1.50
2016.10.28 07:08:25.026,1.70731,1.70775,1.37,1.00
2016.10.28 07:08:26.353,1.70731,1.70775,1.75,1.00
2016.10.28 07:08:26.404,1.70746,1.70789,1.37,1.50
2016.10.28 07:08:26.506,1.70745,1.70789,1.50,1.00
2016.10.28 07:08:26.556,1.70749,1.70788,1.00,1.00
2016.10.28 07:08:27.104,1.70748,1.70788,1.00,1.00
2016.10.28 07:08:27.608,1.70749,1.70789,1.00,1.00
2016.10.28 07:08:27.825,1.70745,1.70789,1.00,1.00
2016.10.28 07:08:27.977,1.70744,1.70787,1.00,1.00
2016.10.28 07:08:28.282,1.70737,1.70779,1.00,1.00
2016.10.28 07:08:28.384,1.70732,1.70775,1.12,1.00
2016.10.28 07:08:28.907,1.70731,1.70774,1.00,1.00
2016.10.28 07:08:29.687,1.70732,1.70775,1.00,1.00
2016.10.28 07:08:29.865,1.7073,1.70773,1.00,1.00
2016.10.28 07:08:30.252,1.70728,1.70769,1.37,1.00
2016.10.28 07:08:30.943,1.70727,1.70769,1.00,1.00
2016.10.28 07:08:31.577,1.70726,1.70759,1.00,1.00
2016.10.28 07:08:31.628,1.70709,1.70749,1.75,1.00
2016.10.28 07:08:31.729,1.70709,1.70748,1.00,1.00
2016.10.28 07:08:32.168,1.70709,1.70752,1.00,1.00
2016.10.28 07:08:32.219,1.70712,1.70755,1.00,1.50
2016.10.28 07:08:32.320,1.70712,1.70757,1.00,1.50
2016.10.28 07:08:32.752,1.7071,1.70754,1.00,1.00
2016.10.28 07:08:32.815,1.70708,1.70753,1.00,1.00
2016.10.28 07:08:33.620,1.70717,1.70754,1.00,1.00
2016.10.28 07:08:33.722,1.70714,1.70757,1.00,1.00
2016.10.28 07:08:34.610,1.70713,1.70751,1.00,1.00
2016.10.28 07:08:34.661,1.70706,1.70748,1.00,1.00
2016.10.28 07:08:34.712,1.70706,1.70745,1.00,1.00
2016.10.28 07:08:34.770,1.70704,1.70745,1.00,1.00
2016.10.28 07:08:35.273,1.70705,1.70745,1.00,1.00
2016.10.28 07:08:35.650,1.70705,1.70748,1.00,1.00
2016.10.28 07:08:35.700,1.70714,1.70748,1.00,1.00
2016.10.28 07:08:36.375,1.70713,1.70756,1.00,1.00
2016.10.28 07:08:36.578,1.70711,1.70755,1.00,1.00
2016.10.28 07:08:36.948,1.70715,1.70758,1.00,1.00
2016.10.28 07:08:37.388,1.70713,1.70758,1.00,2.25
2016.10.28 07:08:39.571,1.70713,1.70757,1.00,1.00
2016.10.28 07:08:39.943,1.70711,1.70756,1.12,1.00
2016.10.28 07:08:39.994,1.70715,1.70757,1.00,1.00
2016.10.28 07:08:40.331,1.70715,1.70754,1.00,1.00
2016.10.28 07:08:40.382,1.70716,1.70758,1.00,1.00
2016.10.28 07:08:40.959,1.70704,1.70744,1.37,1.00
2016.10.28 07:08:41.110,1.70697,1.70738,1.12,1.00
2016.10.28 07:08:41.161,1.70701,1.70738,1.00,1.00
2016.10.28 07:08:41.464,1.70704,1.70738,1.00,1.00
2016.10.28 07:08:41.515,1.70701,1.70738,1.00,1.00
2016.10.28 07:08:41.912,1.70701,1.70746,1.00,1.00
2016.10.28 07:08:41.963,1.70704,1.70746,1.00,1.00
2016.10.28 07:08:42.341,1.70703,1.70744,1.00,1.00
2016.10.28 07:08:42.931,1.70703,1.70747,1.00,1.00
2016.10.28 07:08:43.133,1.70708,1.70748,1.50,1.00
2016.10.28 07:08:43.244,1.70707,1.70751,1.00,1.00
2016.10.28 07:08:43.346,1.70705,1.70749,1.50,1.00
2016.10.28 07:08:44.469,1.70711,1.70738,1.00,1.00
2016.10.28 07:08:44.537,1.70708,1.70738,1.00,1.00
2016.10.28 07:08:44.638,1.70708,1.70748,1.00,1.00
2016.10.28 07:08:44.740,1.70707,1.70739,1.00,1.00
2016.10.28 07:08:44.942,1.70711,1.70748,1.00,1.00
2016.10.28 07:08:45.378,1.70711,1.70756,1.00,1.00
2016.10.28 07:08:45.429,1.70715,1.70757,1.00,1.00
2016.10.28 07:08:45.530,1.70714,1.70759,1.00,2.25
2016.10.28 07:08:46.411,1.70714,1.70758,1.00,1.00
2016.10.28 07:08:47.096,1.70715,1.70758,1.00,1.00
2016.10.28 07:08:47.724,1.70715,1.70757,1.00,1.00
2016.10.28 07:08:48.259,1.70716,1.70758,1.00,1.50
2016.10.28 07:08:49.129,1.70719,1.70759,1.00,1.00
2016.10.28 07:08:50.346,1.70719,1.70758,1.00,1.00
2016.10.28 07:08:51.022,1.7072,1.70758,1.00,1.00
2016.10.28 07:08:51.748,1.70721,1.70758,1.00,1.00
2016.10.28 07:08:52.809,1.70721,1.70759,1.00,1.00
2016.10.28 07:08:53.361,1.7072,1.70759,1.00,1.00
2016.10.28 07:08:53.613,1.70717,1.70759,1.00,1.00
2016.10.28 07:08:53.714,1.7072,1.70759,1.00,1.00
2016.10.28 07:08:54.319,1.70719,1.70758,1.00,1.00
2016.10.28 07:08:55.096,1.70719,1.70759,1.00,1.00
2016.10.28 07:08:56.676,1.70717,1.70759,1.00,1.00
2016.10.28 07:08:56.727,1.70719,1.70759,1.00,1.00
2016.10.28 07:08:57.244,1.7072,1.70759,1.87,1.00
2016.10.28 07:08:58.119,1.70716,1.70759,1.37,1.50
2016.10.28 07:08:58.530,1.70719,1.70759,1.37,1.00
2016.10.28 07:08:58.581,1.70722,1.70766,1.12,1.00
2016.10.28 07:08:58.733,1.70719,1.70763,1.37,1.00
2016.10.28 07:08:58.884,1.70718,1.70762,1.00,1.00
2016.10.28 07:08:59.036,1.70718,1.7076,1.00,1.00
2016.10.28 07:08:59.786,1.70718,1.70759,1.00,1.00
2016.10.28 07:09:00.105,1.7072,1.70759,1.00,1.00
2016.10.28 07:09:00.155,1.70722,1.70767,1.00,1.00
2016.10.28 07:09:00.207,1.70724,1.70768,1.00,1.50
2016.10.28 07:09:00.861,1.7073,1.70773,1.00,1.00
2016.10.28 07:09:00.984,1.70725,1.70769,1.50,1.50
2016.10.28 07:09:01.035,1.70725,1.70767,1.00,1.00
2016.10.28 07:09:01.338,1.70731,1.70768,1.00,1.00
2016.10.28 07:09:02.263,1.70732,1.70775,1.00,1.00
2016.10.28 07:09:02.328,1.70736,1.70778,1.00,2.25
2016.10.28 07:09:02.429,1.70734,1.70778,1.00,1.00
2016.10.28 07:09:02.480,1.70746,1.70779,1.00,1.00
2016.10.28 07:09:02.530,1.70742,1.70779,1.00,1.00
2016.10.28 07:09:02.581,1.70748,1.70782,1.00,1.12
2016.10.28 07:09:02.964,1.70746,1.70788,1.00,1.37
2016.10.28 07:09:03.015,1.70749,1.70788,1.00,1.00
2016.10.28 07:09:03.480,1.70748,1.70793,1.00,1.00
2016.10.28 07:09:03.582,1.7075,1.70794,1.00,1.00
2016.10.28 07:09:04.083,1.70751,1.70795,1.00,1.00
2016.10.28 07:09:04.490,1.70753,1.70796,1.00,1.00
2016.10.28 07:09:05.184,1.70753,1.70789,1.00,1.00
2016.10.28 07:09:05.340,1.70754,1.70796,1.00,1.00
2016.10.28 07:09:05.540,1.70754,1.70788,1.00,1.00
2016.10.28 07:09:05.853,1.70754,1.70796,1.00,1.00
2016.10.28 07:09:05.979,1.70757,1.70798,1.00,1.00
2016.10.28 07:09:06.775,1.7076,1.70798,1.00,1.00
2016.10.28 07:09:07.544,1.7076,1.70799,1.00,1.00
2016.10.28 07:09:07.989,1.7076,1.70804,1.00,1.00
2016.10.28 07:09:09.095,1.7076,1.70798,1.50,1.00
2016.10.28 07:09:09.153,1.70762,1.70804,1.00,1.00
2016.10.28 07:09:09.255,1.70762,1.70798,1.00,1.00
2016.10.28 07:09:10.287,1.70767,1.70798,1.00,1.00
2016.10.28 07:09:10.339,1.70771,1.70809,1.00,1.00
2016.10.28 07:09:10.390,1.70771,1.70814,1.00,1.00
2016.10.28 07:09:11.403,1.70767,1.70808,1.00,1.00
2016.10.28 07:09:11.454,1.70764,1.70808,1.00,1.50
2016.10.28 07:09:11.980,1.70763,1.70807,1.00,1.00
2016.10.28 07:09:12.985,1.70774,1.70816,1.00,1.00
2016.10.28 07:09:13.288,1.70772,1.70809,1.00,1.00
2016.10.28 07:09:13.936,1.70771,1.70809,1.00,1.00
2016.10.28 07:09:14.192,1.70772,1.70814,1.00,1.00
2016.10.28 07:09:14.259,1.70772,1.70809,1.00,1.00
2016.10.28 07:09:15.013,1.70772,1.70808,1.00,1.00
2016.10.28 07:09:15.562,1.70771,1.70808,1.00,1.00
2016.10.28 07:09:15.897,1.70765,1.70806,1.00,1.00
2016.10.28 07:09:16.688,1.70782,1.70824,1.00,1.00
2016.10.28 07:09:16.817,1.70779,1.70823,1.00,1.00
2016.10.28 07:09:16.867,1.70782,1.70824,1.00,1.00
2016.10.28 07:09:16.962,1.70784,1.70828,1.00,1.50
2016.10.28 07:09:17.115,1.70786,1.70828,1.00,1.50
2016.10.28 07:09:18.118,1.70785,1.70827,1.00,1.00
2016.10.28 07:09:18.269,1.70781,1.70826,1.00,1.00
2016.10.28 07:09:19.110,1.70782,1.70826,1.00,1.00
2016.10.28 07:09:19.161,1.70785,1.70827,1.00,1.00
2016.10.28 07:09:20.161,1.70784,1.70826,1.00,1.00
2016.10.28 07:09:20.623,1.70777,1.70818,1.00,1.00
2016.10.28 07:09:20.906,1.70771,1.70813,1.00,1.00
2016.10.28 07:09:21.557,1.7077,1.70812,1.00,1.00
2016.10.28 07:09:22.075,1.70769,1.70812,1.00,1.00
2016.10.28 07:09:22.789,1.70774,1.70809,1.00,1.00
2016.10.28 07:09:22.862,1.70774,1.70818,1.50,1.00
2016.10.28 07:09:23.358,1.70776,1.70818,1.00,1.00
2016.10.28 07:09:23.409,1.70774,1.70818,1.50,1.00
2016.10.28 07:09:23.925,1.70775,1.70819,1.00,1.00
2016.10.28 07:09:24.257,1.70774,1.70817,1.00,1.00
2016.10.28 07:09:24.782,1.70776,1.70818,1.00,1.50
2016.10.28 07:09:24.833,1.70774,1.70818,1.00,1.50
2016.10.28 07:09:24.884,1.70774,1.70816,1.50,1.00
2016.10.28 07:09:25.352,1.70776,1.70818,1.00,1.50
2016.10.28 07:09:25.869,1.70775,1.70819,1.00,1.50
2016.10.28 07:09:27.150,1.70771,1.70808,1.00,1.00
2016.10.28 07:09:27.693,1.7077,1.70808,1.00,1.00
2016.10.28 07:09:27.744,1.70767,1.70808,1.00,1.00
2016.10.28 07:09:27.845,1.70766,1.70806,1.00,1.00
2016.10.28 07:09:27.897,1.70762,1.70806,1.00,1.00
2016.10.28 07:09:28.048,1.7076,1.70804,1.00,1.00
2016.10.28 07:09:28.643,1.70761,1.70804,1.00,1.00
2016.10.28 07:09:28.694,1.70759,1.70803,1.00,1.00
2016.10.28 07:09:29.240,1.7076,1.70802,1.00,1.00
2016.10.28 07:09:29.442,1.70758,1.70803,1.00,1.00
2016.10.28 07:09:29.962,1.70759,1.70803,1.00,1.00
2016.10.28 07:09:30.328,1.70761,1.70803,1.00,1.00
2016.10.28 07:09:30.430,1.7076,1.70805,1.00,1.00
2016.10.28 07:09:31.188,1.7076,1.70802,1.00,1.00
2016.10.28 07:09:31.564,1.70762,1.70804,1.00,1.00
2016.10.28 07:09:33.071,1.70755,1.70798,1.00,1.00
2016.10.28 07:09:33.122,1.70754,1.70796,1.00,1.00
2016.10.28 07:09:33.273,1.70751,1.70795,1.00,1.00
2016.10.28 07:09:33.324,1.70753,1.70795,1.00,1.00
2016.10.28 07:09:33.832,1.70755,1.70797,1.00,1.00
2016.10.28 07:09:34.634,1.70753,1.70798,1.00,1.50
2016.10.28 07:09:34.735,1.70755,1.70797,1.00,1.00
2016.10.28 07:09:36.854,1.70754,1.70796,1.50,1.00
2016.10.28 07:09:36.904,1.7076,1.70804,1.00,1.00
2016.10.28 07:09:37.079,1.70757,1.70801,1.00,1.00
2016.10.28 07:09:37.422,1.70758,1.70799,1.00,1.00
2016.10.28 07:09:38.283,1.70761,1.70799,1.00,1.00
2016.10.28 07:09:38.334,1.70756,1.70798,1.00,1.00
2016.10.28 07:09:39.465,1.70756,1.70799,1.00,1.00
2016.10.28 07:09:42.146,1.70756,1.70798,1.00,1.00
2016.10.28 07:09:43.047,1.70755,1.70798,1.00,1.00
2016.10.28 07:09:46.408,1.70756,1.70798,1.00,1.50
2016.10.28 07:09:46.509,1.70753,1.70798,1.00,1.50
2016.10.28 07:09:46.611,1.70754,1.70796,1.00,1.00
2016.10.28 07:09:47.212,1.70753,1.70795,1.00,1.00
2016.10.28 07:09:47.316,1.70753,1.70797,1.00,1.00
2016.10.28 07:09:49.161,1.70752,1.70796,1.00,1.00
2016.10.28 07:09:49.944,1.70753,1.70796,1.00,1.00
2016.10.28 07:09:49.995,1.70751,1.70795,1.00,1.00
2016.10.28 07:09:50.530,1.70752,1.70795,1.00,1.00
2016.10.28 07:09:51.106,1.70753,1.70795,1.00,1.00
2016.10.28 07:09:51.157,1.70751,1.70796,1.00,1.00
2016.10.28 07:09:51.260,1.70752,1.70794,1.00,1.00
2016.10.28 07:09:53.703,1.70742,1.70784,1.00,1.00
2016.10.28 07:09:54.044,1.70745,1.70787,1.00,1.00
2016.10.28 07:09:54.095,1.70743,1.70788,1.00,1.50
2016.10.28 07:09:54.146,1.70742,1.70786,1.00,1.00
2016.10.28 07:09:54.934,1.70743,1.70786,1.00,1.00
2016.10.28 07:09:55.686,1.70743,1.70787,1.00,1.00
2016.10.28 07:09:56.197,1.70752,1.70794,1.00,1.75
2016.10.28 07:09:56.262,1.70754,1.70796,1.00,1.00
2016.10.28 07:09:57.123,1.70753,1.70796,1.00,1.00
2016.10.28 07:09:57.174,1.70748,1.70792,1.12,1.00
2016.10.28 07:09:57.225,1.70745,1.70787,1.50,1.00
2016.10.28 07:09:57.619,1.70742,1.70784,1.00,1.00
2016.10.28 07:09:58.173,1.70741,1.70784,1.00,1.00
2016.10.28 07:09:59.422,1.7074,1.70784,1.00,1.00
2016.10.28 07:10:00.041,1.70741,1.70784,1.00,1.00
2016.10.28 07:10:00.564,1.70739,1.70784,1.00,1.00
2016.10.28 07:10:00.618,1.70738,1.70782,1.00,1.00
2016.10.28 07:10:01.132,1.70739,1.70781,1.00,1.00
2016.10.28 07:10:01.882,1.70739,1.70782,1.00,1.00
2016.10.28 07:10:03.846,1.7074,1.70784,1.00,1.00
2016.10.28 07:10:03.896,1.70742,1.70784,1.00,1.00
2016.10.28 07:10:04.577,1.7074,1.70785,1.00,1.00
2016.10.28 07:10:05.211,1.70751,1.70795,1.00,1.00
2016.10.28 07:10:05.660,1.70753,1.70795,1.00,1.00
2016.10.28 07:10:05.711,1.70754,1.70798,1.00,1.00
2016.10.28 07:10:05.762,1.70756,1.70798,1.00,1.00
2016.10.28 07:10:06.291,1.70759,1.70798,1.00,1.00
2016.10.28 07:10:06.357,1.70755,1.70798,1.00,1.00
2016.10.28 07:10:07.353,1.70755,1.70799,1.00,1.00
2016.10.28 07:10:07.868,1.70756,1.70799,1.00,1.50
2016.10.28 07:10:08.620,1.70753,1.70795,1.50,1.00
2016.10.28 07:10:09.114,1.70743,1.70788,1.37,1.00
2016.10.28 07:10:09.165,1.70743,1.70788,1.12,1.00
2016.10.28 07:10:09.216,1.70745,1.70789,1.00,1.00
2016.10.28 07:10:09.657,1.70749,1.70791,1.00,1.00
2016.10.28 07:10:09.708,1.7075,1.70794,1.00,1.00
2016.10.28 07:10:09.910,1.70748,1.70792,1.00,1.00
2016.10.28 07:10:10.758,1.70745,1.70787,1.00,1.00
2016.10.28 07:10:11.110,1.70743,1.70786,1.00,1.00
2016.10.28 07:10:11.689,1.70742,1.70786,1.12,1.00
2016.10.28 07:10:12.140,1.70744,1.70787,1.00,1.00
2016.10.28 07:10:12.435,1.70741,1.70786,1.00,1.00
2016.10.28 07:10:12.537,1.70742,1.70784,1.00,1.00
2016.10.28 07:10:12.790,1.70742,1.70786,1.00,1.00
2016.10.28 07:10:12.841,1.70744,1.70786,1.00,1.00
2016.10.28 07:10:13.291,1.70749,1.70791,1.00,1.00
2016.10.28 07:10:13.345,1.70748,1.70793,1.00,1.00
2016.10.28 07:10:13.447,1.70749,1.70791,1.00,1.00
2016.10.28 07:10:14.024,1.70749,1.70792,1.00,1.00
2016.10.28 07:10:15.126,1.7075,1.70792,1.00,1.00
2016.10.28 07:10:15.548,1.70748,1.70792,1.00,1.00
2016.10.28 07:10:16.642,1.70752,1.70794,1.00,1.00
2016.10.28 07:10:16.821,1.70752,1.70796,1.00,1.00
2016.10.28 07:10:16.872,1.70748,1.70792,1.00,1.00
2016.10.28 07:10:16.942,1.70752,1.70797,1.00,1.00
2016.10.28 07:10:17.997,1.70751,1.70795,1.00,1.00
2016.10.28 07:10:18.337,1.70753,1.70795,1.00,1.00
2016.10.28 07:10:20.037,1.70755,1.70798,1.00,1.00
2016.10.28 07:10:20.138,1.70752,1.70797,1.00,1.00
2016.10.28 07:10:21.453,1.70754,1.70798,1.00,1.00
2016.10.28 07:10:21.976,1.70755,1.70799,1.00,1.00
2016.10.28 07:10:22.622,1.70762,1.70806,1.50,1.00
2016.10.28 07:10:23.009,1.70764,1.70808,1.00,1.00
2016.10.28 07:10:25.914,1.70763,1.70807,1.00,1.00
2016.10.28 07:10:26.979,1.70762,1.70806,1.50,1.00
2016.10.28 07:10:27.283,1.70762,1.70804,1.00,1.00
2016.10.28 07:10:27.384,1.7076,1.70805,1.00,1.00
2016.10.28 07:10:28.017,1.7076,1.70804,1.00,1.00
2016.10.28 07:10:29.371,1.70761,1.70805,1.00,1.00
2016.10.28 07:10:29.987,1.70763,1.70805,1.00,1.00
2016.10.28 07:10:30.138,1.70761,1.70804,1.00,1.00
2016.10.28 07:10:30.189,1.70763,1.70805,1.00,1.00
2016.10.28 07:10:30.240,1.70763,1.70807,1.00,1.00
2016.10.28 07:10:30.661,1.70762,1.70804,1.00,1.00
2016.10.28 07:10:30.796,1.7076,1.70804,1.00,1.00
2016.10.28 07:10:30.847,1.7076,1.70802,1.00,1.00
2016.10.28 07:10:30.898,1.70758,1.70802,1.00,1.00
2016.10.28 07:10:31.261,1.70758,1.70798,1.00,1.00
2016.10.28 07:10:31.312,1.70752,1.70795,1.00,1.00
2016.10.28 07:10:31.373,1.70753,1.70798,1.00,1.50
2016.10.28 07:10:31.424,1.70752,1.70796,1.00,1.00
2016.10.28 07:10:31.978,1.70751,1.70796,1.00,1.00
2016.10.28 07:10:32.893,1.70753,1.70797,1.00,1.00
2016.10.28 07:10:33.197,1.70764,1.70808,1.00,1.00
2016.10.28 07:10:33.500,1.70762,1.70799,1.00,1.00
2016.10.28 07:10:34.050,1.70764,1.70799,1.00,1.00
2016.10.28 07:10:34.101,1.70764,1.70806,1.00,1.00
2016.10.28 07:10:34.396,1.70764,1.70799,1.00,1.00
2016.10.28 07:10:34.597,1.70764,1.70806,1.00,1.00
2016.10.28 07:10:35.214,1.70764,1.70799,1.00,1.00
2016.10.28 07:10:36.099,1.70764,1.70806,1.00,1.00
2016.10.28 07:10:36.763,1.70763,1.70806,1.00,1.00
2016.10.28 07:10:36.814,1.70762,1.70808,1.00,1.00
2016.10.28 07:10:36.865,1.70764,1.70808,1.00,1.00
2016.10.28 07:10:37.272,1.70766,1.70809,1.00,1.50
2016.10.28 07:10:39.099,1.70766,1.70808,1.00,1.00
2016.10.28 07:10:39.968,1.70766,1.70809,1.00,1.00
2016.10.28 07:10:40.120,1.70761,1.70805,1.00,1.00
2016.10.28 07:10:40.170,1.70761,1.70803,1.00,1.00
2016.10.28 07:10:40.519,1.70759,1.70799,1.00,1.00
2016.10.28 07:10:40.906,1.70757,1.70799,1.00,1.00
2016.10.28 07:10:42.442,1.70757,1.70801,1.00,1.00
2016.10.28 07:10:42.987,1.70757,1.70802,1.00,1.00
2016.10.28 07:10:43.037,1.70757,1.70798,1.00,1.00
2016.10.28 07:10:43.290,1.70755,1.70797,1.00,1.00
2016.10.28 07:10:44.695,1.70751,1.70793,1.00,1.00
2016.10.28 07:10:44.746,1.70753,1.70797,1.00,1.00
2016.10.28 07:10:44.797,1.70751,1.70795,1.00,1.00
2016.10.28 07:10:45.441,1.70746,1.7079,1.00,1.00
2016.10.28 07:10:45.492,1.70742,1.70787,1.00,1.00
2016.10.28 07:10:46.001,1.70744,1.70786,1.00,1.00
2016.10.28 07:10:46.195,1.70748,1.70792,1.00,1.00
2016.10.28 07:10:46.398,1.70751,1.70793,1.00,1.00
2016.10.28 07:10:47.099,1.70749,1.70793,1.00,1.00
2016.10.28 07:10:47.386,1.70748,1.7079,1.00,1.00
2016.10.28 07:10:47.682,1.7075,1.70793,1.00,1.00
2016.10.28 07:10:48.215,1.70749,1.70792,1.00,1.00
2016.10.28 07:10:48.833,1.7075,1.70792,1.00,1.00
2016.10.28 07:10:49.319,1.70754,1.70796,1.00,1.00
2016.10.28 07:10:50.121,1.70756,1.70798,1.00,1.00
2016.10.28 07:10:50.705,1.70755,1.70797,1.00,1.00
2016.10.28 07:10:51.501,1.70755,1.70798,1.00,1.00
2016.10.28 07:10:51.553,1.70757,1.70801,1.00,1.00
2016.10.28 07:10:52.038,1.70756,1.70798,1.00,1.00
2016.10.28 07:10:52.588,1.70759,1.70798,1.00,1.00
2016.10.28 07:10:53.170,1.70759,1.70801,1.00,1.00
2016.10.28 07:10:53.699,1.70758,1.70801,1.00,1.00
2016.10.28 07:10:55.242,1.70758,1.70798,1.00,1.00
2016.10.28 07:10:56.495,1.70765,1.70798,1.00,1.00
2016.10.28 07:10:56.586,1.7077,1.70808,1.00,1.00
2016.10.28 07:10:56.889,1.70773,1.70809,1.00,1.00
2016.10.28 07:10:56.946,1.70779,1.70819,1.00,1.00
2016.10.28 07:10:57.652,1.7078,1.70819,1.00,1.00
2016.10.28 07:10:57.739,1.70785,1.70828,1.00,1.00
2016.10.28 07:10:58.447,1.70785,1.70829,1.00,1.50
2016.10.28 07:10:59.713,1.70785,1.70828,1.00,1.00
2016.10.28 07:11:00.197,1.70783,1.70827,1.00,1.00
2016.10.28 07:11:00.409,1.70781,1.70825,1.00,1.00
2016.10.28 07:11:00.963,1.70774,1.70819,1.37,1.00
2016.10.28 07:11:01.551,1.70774,1.70818,1.00,1.00
2016.10.28 07:11:01.903,1.70781,1.70819,1.00,1.00
2016.10.28 07:11:01.969,1.70781,1.70823,1.00,1.00
2016.10.28 07:11:02.478,1.70782,1.70825,1.00,1.00
2016.10.28 07:11:03.903,1.70781,1.70826,1.00,1.00
2016.10.28 07:11:04.005,1.70783,1.70826,1.00,1.00
2016.10.28 07:11:04.353,1.70783,1.70828,1.00,1.00
2016.10.28 07:11:04.859,1.70782,1.70826,1.00,1.00
2016.10.28 07:11:05.369,1.70783,1.70825,1.00,1.00
2016.10.28 07:11:05.475,1.70783,1.70827,1.00,1.00
2016.10.28 07:11:06.994,1.70783,1.70826,1.00,1.00
2016.10.28 07:11:07.046,1.70773,1.70815,1.50,1.00
2016.10.28 07:11:07.197,1.70771,1.70816,1.00,1.50
2016.10.28 07:11:08.152,1.70773,1.70815,1.00,1.00
2016.10.28 07:11:08.355,1.70779,1.70823,1.00,1.00
2016.10.28 07:11:08.457,1.70783,1.70825,1.00,1.00
2016.10.28 07:11:08.831,1.70777,1.70821,1.50,1.00
2016.10.28 07:11:08.881,1.70777,1.70818,1.50,1.00
2016.10.28 07:11:10.183,1.70776,1.70818,1.00,1.00
2016.10.28 07:11:10.665,1.70778,1.70819,1.00,1.00
2016.10.28 07:11:11.083,1.7078,1.70818,1.00,1.00
2016.10.28 07:11:11.134,1.70776,1.70818,1.00,1.00
2016.10.28 07:11:11.235,1.70774,1.70816,1.00,1.00
2016.10.28 07:11:11.538,1.70774,1.70808,1.00,1.00
2016.10.28 07:11:11.589,1.70771,1.70808,1.00,1.00
2016.10.28 07:11:12.170,1.70771,1.70816,1.00,1.00
2016.10.28 07:11:12.270,1.70771,1.70808,1.00,1.00
2016.10.28 07:11:12.472,1.70772,1.70816,1.00,1.00
2016.10.28 07:11:13.252,1.70773,1.70817,1.00,1.00
2016.10.28 07:11:13.354,1.70777,1.70819,1.00,1.50
2016.10.28 07:11:14.146,1.70776,1.70818,1.00,1.00
2016.10.28 07:11:16.676,1.70779,1.70819,1.00,1.00
2016.10.28 07:11:16.979,1.70777,1.70818,1.00,1.00
2016.10.28 07:11:17.080,1.70777,1.7082,1.00,1.00
2016.10.28 07:11:17.825,1.70777,1.70819,1.00,1.00
2016.10.28 07:11:18.370,1.70779,1.70818,1.00,1.00
2016.10.28 07:11:18.573,1.70775,1.70817,1.00,1.00
2016.10.28 07:11:19.144,1.70772,1.70817,1.00,1.00
2016.10.28 07:11:19.198,1.70774,1.70818,1.00,1.50
2016.10.28 07:11:19.504,1.70772,1.70814,1.00,1.00
2016.10.28 07:11:20.121,1.70773,1.70817,1.00,1.00
2016.10.28 07:11:20.172,1.70776,1.70818,1.00,1.50
2016.10.28 07:11:20.665,1.70773,1.70815,1.00,1.00
2016.10.28 07:11:20.940,1.70763,1.70808,1.12,1.50
2016.10.28 07:11:20.990,1.70762,1.70798,2.25,1.00
2016.10.28 07:11:21.092,1.70764,1.70806,1.00,1.00
2016.10.28 07:11:21.193,1.70769,1.70808,1.00,1.00
2016.10.28 07:11:21.793,1.70768,1.70808,1.00,1.00
2016.10.28 07:11:21.844,1.70764,1.70808,1.00,1.50
2016.10.28 07:11:23.715,1.70764,1.70807,1.00,1.00
2016.10.28 07:11:24.318,1.7076,1.70802,1.00,1.00
2016.10.28 07:11:24.369,1.70761,1.70805,1.00,1.00
2016.10.28 07:11:24.419,1.70761,1.70803,1.00,1.00
2016.10.28 07:11:24.521,1.70759,1.70803,1.00,1.00
2016.10.28 07:11:24.571,1.70754,1.70798,1.50,1.00
2016.10.28 07:11:25.041,1.7075,1.70794,1.00,1.00
2016.10.28 07:11:25.245,1.7075,1.70792,1.00,1.00
2016.10.28 07:11:25.415,1.70747,1.70792,1.50,1.00
2016.10.28 07:11:25.516,1.70754,1.70795,1.00,1.00
2016.10.28 07:11:25.568,1.70751,1.70795,1.00,1.00
2016.10.28 07:11:25.770,1.70758,1.70797,1.00,1.00
2016.10.28 07:11:26.175,1.70763,1.70806,1.00,1.00
2016.10.28 07:11:26.698,1.70762,1.70799,1.00,1.00
2016.10.28 07:11:27.892,1.70762,1.70805,1.00,1.00
2016.10.28 07:11:27.999,1.70762,1.70799,1.00,1.00
2016.10.28 07:11:28.338,1.7077,1.70809,1.00,1.00
2016.10.28 07:11:28.662,1.70772,1.70809,1.00,1.00
2016.10.28 07:11:28.901,1.7077,1.70808,1.00,1.00
2016.10.28 07:11:30.052,1.70769,1.70808,1.00,1.00
2016.10.28 07:11:30.185,1.70766,1.70808,1.00,1.00
2016.10.28 07:11:30.487,1.70768,1.70808,1.00,1.00
2016.10.28 07:11:31.025,1.70773,1.70808,1.00,1.00
2016.10.28 07:11:31.127,1.70772,1.70816,1.00,1.00
2016.10.28 07:11:31.631,1.70771,1.70815,1.00,1.00
2016.10.28 07:11:31.682,1.70771,1.70813,1.00,1.00
2016.10.28 07:11:32.090,1.70771,1.70808,1.00,1.00
2016.10.28 07:11:32.506,1.7077,1.70814,1.00,1.00
2016.10.28 07:11:32.744,1.7077,1.70809,1.00,1.00
2016.10.28 07:11:33.720,1.70768,1.70808,1.00,1.00
2016.10.28 07:11:33.771,1.7077,1.70808,1.00,1.00
2016.10.28 07:11:33.923,1.7078,1.70824,1.00,2.25
2016.10.28 07:11:34.024,1.70782,1.70818,1.00,1.00
2016.10.28 07:11:34.074,1.7078,1.70818,1.00,1.00
2016.10.28 07:11:34.226,1.7078,1.70824,1.00,1.00
2016.10.28 07:11:34.277,1.70778,1.70821,1.00,1.00
2016.10.28 07:11:34.693,1.70778,1.70819,1.00,1.00
2016.10.28 07:11:34.744,1.70776,1.70819,1.00,1.00
2016.10.28 07:11:35.172,1.7078,1.70819,1.00,1.00
2016.10.28 07:11:35.273,1.70777,1.70818,1.00,1.00
2016.10.28 07:11:35.832,1.70777,1.70819,1.00,1.00
2016.10.28 07:11:35.918,1.70774,1.70818,1.00,1.00
2016.10.28 07:11:36.396,1.70776,1.70818,1.00,1.00
2016.10.28 07:11:37.491,1.70775,1.70819,1.00,1.00
2016.10.28 07:11:38.244,1.70774,1.70816,1.00,1.00
2016.10.28 07:11:38.295,1.70779,1.70822,1.00,1.00
2016.10.28 07:11:38.396,1.70779,1.70824,1.00,1.00
2016.10.28 07:11:38.549,1.7078,1.70822,1.00,1.00
2016.10.28 07:11:38.895,1.7078,1.70818,1.00,1.00
2016.10.28 07:11:38.952,1.70777,1.70818,1.00,1.00
2016.10.28 07:11:39.104,1.70773,1.70817,1.00,1.00
2016.10.28 07:11:39.357,1.70773,1.70815,1.00,1.00
2016.10.28 07:11:40.343,1.70771,1.70815,1.50,1.00
2016.10.28 07:11:42.199,1.70778,1.70815,1.00,1.00
2016.10.28 07:11:42.300,1.70779,1.70819,1.00,1.00
2016.10.28 07:11:42.867,1.70778,1.70818,1.00,1.00
2016.10.28 07:11:43.268,1.70775,1.70817,1.00,1.00
2016.10.28 07:11:43.673,1.70773,1.70815,1.00,1.00
2016.10.28 07:11:43.839,1.70772,1.70817,1.00,1.00
2016.10.28 07:11:43.889,1.70777,1.70819,1.00,1.00
2016.10.28 07:11:44.192,1.70775,1.70818,1.00,1.00
2016.10.28 07:11:44.710,1.70775,1.70817,1.00,1.00
2016.10.28 07:11:45.248,1.70776,1.70818,1.00,1.00
2016.10.28 07:11:45.400,1.70771,1.70815,1.00,1.00
2016.10.28 07:11:45.501,1.70769,1.70813,1.00,1.00
2016.10.28 07:11:45.899,1.70772,1.70816,1.00,1.00
2016.10.28 07:11:48.966,1.70773,1.70815,1.00,1.00
2016.10.28 07:11:49.356,1.70771,1.70815,1.00,1.00
2016.10.28 07:11:49.609,1.70773,1.70816,1.00,1.00
2016.10.28 07:11:50.236,1.70773,1.70817,1.00,1.50
2016.10.28 07:11:50.539,1.70779,1.70821,1.00,1.00
2016.10.28 07:11:50.590,1.7078,1.70824,1.00,1.00
2016.10.28 07:11:50.641,1.70779,1.70822,1.00,1.00
2016.10.28 07:11:50.742,1.70775,1.70819,1.00,1.00
2016.10.28 07:11:50.794,1.70774,1.70816,1.00,1.00
2016.10.28 07:11:51.444,1.70773,1.70815,1.00,1.50
2016.10.28 07:11:51.759,1.70776,1.70815,1.00,1.00
2016.10.28 07:11:51.810,1.70774,1.70818,1.00,1.50
2016.10.28 07:11:51.863,1.70774,1.70816,1.00,1.00
2016.10.28 07:11:52.482,1.70771,1.70813,1.00,1.00
2016.10.28 07:11:52.533,1.70771,1.70815,1.00,1.00
2016.10.28 07:11:52.797,1.70771,1.70813,1.00,1.00
2016.10.28 07:11:53.285,1.70768,1.7081,1.00,1.00
2016.10.28 07:11:53.336,1.70766,1.7081,1.00,1.00
2016.10.28 07:11:53.386,1.70766,1.70808,1.00,1.00
2016.10.28 07:11:53.942,1.70766,1.7081,1.00,1.00
2016.10.28 07:11:53.993,1.70768,1.7081,1.00,1.00
2016.10.28 07:11:54.761,1.70767,1.70811,1.00,1.00
2016.10.28 07:11:55.564,1.70766,1.70808,1.00,1.00
2016.10.28 07:11:55.870,1.70768,1.70809,1.00,1.00
2016.10.28 07:11:56.291,1.70766,1.70808,1.00,1.00
2016.10.28 07:11:56.824,1.70765,1.70809,1.00,1.50
2016.10.28 07:11:57.205,1.70767,1.70808,1.00,1.00
2016.10.28 07:11:57.256,1.70765,1.70808,1.00,1.00
2016.10.28 07:11:58.270,1.70765,1.70809,1.00,1.00
2016.10.28 07:11:58.371,1.70767,1.70811,1.00,1.00
2016.10.28 07:11:58.743,1.70769,1.70811,1.00,1.00
2016.10.28 07:11:58.844,1.7077,1.70814,1.00,2.25
2016.10.28 07:11:59.414,1.70771,1.70813,1.00,1.00
2016.10.28 07:12:01.313,1.70773,1.70817,1.00,1.00
2016.10.28 07:12:01.670,1.70775,1.70817,1.00,1.00
2016.10.28 07:12:02.817,1.70773,1.70817,1.00,1.00
2016.10.28 07:12:03.524,1.70771,1.70815,1.00,1.00
2016.10.28 07:12:04.964,1.70771,1.70816,1.00,1.00
2016.10.28 07:12:05.298,1.70776,1.70818,1.00,1.50
2016.10.28 07:12:05.689,1.70774,1.70818,1.00,1.50
2016.10.28 07:12:05.949,1.70776,1.70818,1.00,1.00
2016.10.28 07:12:06.937,1.70775,1.70817,1.00,1.00
2016.10.28 07:12:08.361,1.70777,1.70818,1.00,1.00
2016.10.28 07:12:08.412,1.70775,1.70817,1.00,1.00
2016.10.28 07:12:08.614,1.70771,1.70815,1.00,1.00
2016.10.28 07:12:09.128,1.70772,1.70814,1.00,1.00
2016.10.28 07:12:09.566,1.70773,1.70817,1.00,1.50
2016.10.28 07:12:09.616,1.70775,1.70817,1.00,1.50
2016.10.28 07:12:09.979,1.70773,1.70817,1.00,1.00
2016.10.28 07:12:10.538,1.70775,1.70817,1.00,1.00
2016.10.28 07:12:10.690,1.70773,1.70817,1.00,1.00
2016.10.28 07:12:11.286,1.70772,1.70816,1.00,1.00
2016.10.28 07:12:12.114,1.70775,1.70817,1.00,1.00
2016.10.28 07:12:12.627,1.70774,1.70816,1.00,1.00
2016.10.28 07:12:12.678,1.70776,1.70819,1.00,1.00
2016.10.28 07:12:13.244,1.70777,1.70819,1.00,1.00
2016.10.28 07:12:14.984,1.70777,1.70818,1.00,1.00
2016.10.28 07:12:15.355,1.70774,1.70816,1.00,1.00
2016.10.28 07:12:15.996,1.70773,1.70817,1.00,1.00
2016.10.28 07:12:16.070,1.70775,1.70817,1.00,1.00
2016.10.28 07:12:16.687,1.70774,1.70816,1.00,1.00
2016.10.28 07:12:17.266,1.70773,1.70816,1.00,1.00
2016.10.28 07:12:17.317,1.7077,1.70814,1.00,1.00
2016.10.28 07:12:17.368,1.70772,1.70814,1.00,1.00
2016.10.28 07:12:18.021,1.70771,1.70813,1.00,1.00
2016.10.28 07:12:18.415,1.70771,1.70808,1.00,1.00
2016.10.28 07:12:18.882,1.70767,1.70809,1.00,1.50
2016.10.28 07:12:20.319,1.7077,1.70809,1.00,1.00
2016.10.28 07:12:20.421,1.7077,1.70812,1.00,1.00
2016.10.28 07:12:20.941,1.70771,1.70813,1.00,1.00
2016.10.28 07:12:22.092,1.70772,1.70814,1.00,1.00
2016.10.28 07:12:23.476,1.70771,1.70813,1.00,1.00
2016.10.28 07:12:23.531,1.70768,1.70812,1.00,1.00
2016.10.28 07:12:23.733,1.70767,1.70808,1.00,1.00
2016.10.28 07:12:25.235,1.70769,1.70811,1.00,1.00
2016.10.28 07:12:25.336,1.70769,1.70809,1.00,1.00
2016.10.28 07:12:25.628,1.70767,1.70809,1.00,1.00
2016.10.28 07:12:26.445,1.70767,1.70808,1.00,1.00
2016.10.28 07:12:27.431,1.70769,1.70808,1.00,1.00
2016.10.28 07:12:27.939,1.70766,1.70808,1.00,1.00
2016.10.28 07:12:28.001,1.70768,1.70808,1.00,1.00
2016.10.28 07:12:28.102,1.70766,1.70808,1.00,1.00
2016.10.28 07:12:28.153,1.70764,1.70808,1.00,1.00
2016.10.28 07:12:28.204,1.70766,1.70808,1.00,1.00
2016.10.28 07:12:28.622,1.70766,1.7081,1.00,1.00
2016.10.28 07:12:29.531,1.70767,1.70811,1.00,1.00
2016.10.28 07:12:30.062,1.70769,1.70811,1.00,1.00
2016.10.28 07:12:30.164,1.70772,1.70816,1.00,1.00
2016.10.28 07:12:30.316,1.7077,1.70812,1.00,1.00
2016.10.28 07:12:30.664,1.70768,1.7081,1.00,1.00
2016.10.28 07:12:31.267,1.70768,1.70811,1.00,1.00
2016.10.28 07:12:31.862,1.70769,1.70811,1.00,1.00
2016.10.28 07:12:32.590,1.7077,1.70812,1.00,1.00
2016.10.28 07:12:33.292,1.7077,1.70811,1.00,1.00
2016.10.28 07:12:33.818,1.70769,1.70811,1.00,1.00
2016.10.28 07:12:34.815,1.70768,1.70811,1.00,1.00
2016.10.28 07:12:35.347,1.70767,1.70809,1.00,1.00
2016.10.28 07:12:35.522,1.70767,1.70811,1.00,1.00
2016.10.28 07:12:36.123,1.70767,1.70808,1.00,1.00
2016.10.28 07:12:36.768,1.70768,1.70808,1.00,1.00
2016.10.28 07:12:36.924,1.70768,1.70812,1.00,1.00
2016.10.28 07:12:38.282,1.70767,1.70811,1.00,1.00
2016.10.28 07:12:38.675,1.70765,1.70809,1.00,1.00
2016.10.28 07:12:39.225,1.70768,1.7081,1.00,1.00
2016.10.28 07:12:40.764,1.70769,1.70811,1.00,1.00
2016.10.28 07:12:41.398,1.70772,1.70814,1.00,1.00
2016.10.28 07:12:41.914,1.70771,1.70813,1.00,1.00
2016.10.28 07:12:41.965,1.70771,1.70815,1.00,1.00
2016.10.28 07:12:42.385,1.70771,1.70813,1.00,1.00
2016.10.28 07:12:42.994,1.70771,1.70815,1.00,1.00
2016.10.28 07:12:43.383,1.70774,1.70816,1.00,1.00
2016.10.28 07:12:43.534,1.70774,1.70818,1.00,1.00
2016.10.28 07:12:43.585,1.70775,1.70816,1.00,1.00
2016.10.28 07:12:43.841,1.70773,1.70815,1.00,1.00
2016.10.28 07:12:43.892,1.7077,1.70814,1.00,1.00
2016.10.28 07:12:43.943,1.7077,1.70812,1.00,1.00
2016.10.28 07:12:43.994,1.70768,1.70812,1.00,1.00
2016.10.28 07:12:44.539,1.70769,1.70811,1.00,1.00
2016.10.28 07:12:44.641,1.70769,1.70813,1.00,1.00
2016.10.28 07:12:44.692,1.70771,1.70813,1.00,1.00
2016.10.28 07:12:44.995,1.70774,1.70816,1.00,1.00
2016.10.28 07:12:46.078,1.70775,1.70816,1.00,1.00
2016.10.28 07:12:46.671,1.70774,1.70818,1.00,1.00
2016.10.28 07:12:47.547,1.70779,1.70818,1.00,1.00
2016.10.28 07:12:47.750,1.70784,1.70828,1.00,1.50
2016.10.28 07:12:48.256,1.70784,1.70827,1.00,1.00
2016.10.28 07:12:48.307,1.70782,1.70822,1.00,1.00
2016.10.28 07:12:48.700,1.70783,1.70825,1.00,1.00
2016.10.28 07:12:48.855,1.70783,1.70819,1.00,1.00
2016.10.28 07:12:49.057,1.70781,1.70819,1.00,1.00
2016.10.28 07:12:49.361,1.70781,1.70823,1.00,1.00
2016.10.28 07:12:49.615,1.70779,1.70821,1.00,1.00
2016.10.28 07:12:50.004,1.70779,1.70819,1.00,1.00
2016.10.28 07:12:50.256,1.7078,1.70824,1.00,1.00
2016.10.28 07:12:50.307,1.7078,1.70822,1.00,1.00
2016.10.28 07:12:50.358,1.70777,1.7082,1.00,1.00
2016.10.28 07:12:50.460,1.70774,1.70817,1.00,1.00
2016.10.28 07:12:51.053,1.70775,1.70817,1.00,1.00
2016.10.28 07:12:51.554,1.70777,1.70819,1.00,1.50
2016.10.28 07:12:52.060,1.70778,1.70819,1.00,1.00
2016.10.28 07:12:52.607,1.70781,1.70823,1.50,1.00
2016.10.28 07:12:52.658,1.70786,1.70827,1.00,1.00
2016.10.28 07:12:53.520,1.70792,1.70829,1.00,1.00
2016.10.28 07:12:54.130,1.70797,1.70828,1.00,1.00
2016.10.28 07:12:54.191,1.70796,1.70838,1.00,1.00
2016.10.28 07:12:54.493,1.70798,1.70838,1.00,1.00
2016.10.28 07:12:55.353,1.70797,1.70838,1.00,1.00
2016.10.28 07:12:55.856,1.70798,1.70838,1.00,1.00
2016.10.28 07:12:57.129,1.70799,1.70838,1.00,1.00
2016.10.28 07:12:57.999,1.70797,1.70838,1.00,1.00
2016.10.28 07:12:58.753,1.70798,1.70838,1.00,1.00
2016.10.28 07:12:58.905,1.708,1.70838,1.00,1.00
2016.10.28 07:12:59.006,1.70798,1.70838,1.00,1.00
2016.10.28 07:12:59.823,1.70798,1.70838,1.37,1.00
2016.10.28 07:13:00.162,1.70812,1.70849,1.00,1.00
2016.10.28 07:13:00.365,1.70809,1.70849,1.50,1.00
2016.10.28 07:13:00.466,1.70804,1.70848,1.50,1.50
2016.10.28 07:13:00.719,1.70802,1.70846,1.00,1.00
2016.10.28 07:13:01.183,1.70804,1.70847,1.00,1.00
2016.10.28 07:13:01.512,1.70806,1.70849,1.00,1.00
2016.10.28 07:13:01.816,1.70808,1.70849,1.00,1.50
2016.10.28 07:13:02.578,1.70807,1.70848,1.00,1.00
2016.10.28 07:13:03.124,1.70808,1.70848,1.00,1.00
2016.10.28 07:13:03.175,1.70806,1.70848,1.00,1.00
2016.10.28 07:13:03.276,1.70808,1.70848,1.00,1.00
2016.10.28 07:13:03.792,1.70807,1.70848,1.00,1.00
2016.10.28 07:13:04.120,1.70804,1.70847,1.00,1.00
2016.10.28 07:13:04.473,1.70803,1.70845,1.00,1.00
2016.10.28 07:13:04.525,1.70793,1.70836,1.00,1.00
2016.10.28 07:13:04.576,1.70793,1.70834,1.00,1.00
2016.10.28 07:13:04.627,1.70793,1.70836,1.00,1.00
2016.10.28 07:13:04.728,1.70793,1.70834,1.00,1.00
2016.10.28 07:13:05.088,1.70793,1.70836,1.00,1.00
2016.10.28 07:13:05.605,1.70794,1.70836,1.00,1.00
2016.10.28 07:13:05.857,1.70793,1.70833,1.00,1.00
2016.10.28 07:13:05.908,1.70791,1.70832,1.00,1.00
2016.10.28 07:13:06.214,1.70792,1.70834,1.00,1.00
2016.10.28 07:13:06.416,1.70793,1.70837,1.00,1.00
2016.10.28 07:13:06.790,1.70796,1.70838,1.00,1.00
2016.10.28 07:13:06.898,1.70798,1.70841,1.00,1.00
2016.10.28 07:13:06.999,1.70796,1.7084,1.00,1.00
2016.10.28 07:13:07.298,1.70797,1.70838,1.00,1.00
2016.10.28 07:13:07.400,1.70798,1.7084,1.00,1.00
2016.10.28 07:13:07.681,1.70796,1.70839,1.00,1.00
2016.10.28 07:13:07.833,1.70797,1.70841,1.00,1.00
2016.10.28 07:13:08.562,1.70797,1.70839,1.00,1.00
2016.10.28 07:13:09.100,1.70797,1.7084,1.00,1.00
2016.10.28 07:13:09.941,1.70795,1.70838,1.50,1.00
2016.10.28 07:13:12.295,1.70795,1.70839,1.00,1.00
2016.10.28 07:13:13.165,1.70799,1.70841,1.00,1.00
2016.10.28 07:13:14.111,1.70798,1.7084,1.00,1.00
2016.10.28 07:13:14.312,1.70796,1.7084,1.50,1.00
2016.10.28 07:13:14.363,1.70798,1.70839,1.00,1.00
2016.10.28 07:13:14.414,1.70796,1.70838,1.50,1.00
2016.10.28 07:13:15.008,1.70797,1.70839,1.00,1.00
2016.10.28 07:13:15.520,1.70797,1.70838,1.00,1.00
2016.10.28 07:13:16.428,1.70798,1.7084,1.00,1.00
2016.10.28 07:13:16.763,1.70796,1.70839,1.00,1.00
2016.10.28 07:13:17.096,1.70798,1.70839,1.00,1.00
2016.10.28 07:13:17.147,1.70797,1.70841,1.00,1.00
2016.10.28 07:13:17.591,1.70798,1.70839,1.00,1.00
2016.10.28 07:13:17.778,1.70796,1.70839,1.00,1.00
2016.10.28 07:13:19.255,1.70795,1.70837,1.00,1.00
2016.10.28 07:13:19.800,1.70795,1.70836,1.00,1.00
2016.10.28 07:13:19.851,1.70793,1.70837,1.50,1.00
2016.10.28 07:13:20.268,1.70794,1.70835,1.00,1.00
2016.10.28 07:13:20.319,1.70795,1.70837,1.00,1.00
2016.10.28 07:13:23.550,1.70795,1.70836,1.00,1.00
2016.10.28 07:13:25.607,1.70795,1.70837,1.00,1.00
2016.10.28 07:13:27.679,1.70794,1.70836,1.00,1.00
2016.10.28 07:13:28.524,1.70794,1.70838,1.00,1.00
2016.10.28 07:13:29.052,1.70795,1.70836,1.00,1.00
2016.10.28 07:13:31.019,1.70794,1.70835,1.00,1.00
2016.10.28 07:13:31.518,1.70794,1.70837,1.00,1.00
2016.10.28 07:13:31.569,1.70791,1.70834,1.00,1.00
2016.10.28 07:13:32.001,1.7079,1.70832,1.00,1.00
2016.10.28 07:13:32.052,1.70792,1.70836,1.00,1.00
2016.10.28 07:13:32.874,1.70794,1.70838,1.00,1.00
2016.10.28 07:13:33.941,1.70794,1.70836,1.00,1.00
2016.10.28 07:13:39.061,1.70793,1.70835,1.00,1.00
2016.10.28 07:13:39.213,1.7079,1.70834,1.00,1.00
2016.10.28 07:13:40.527,1.70792,1.70834,1.00,1.00
2016.10.28 07:13:41.753,1.70793,1.70835,1.00,1.00
2016.10.28 07:13:43.264,1.70793,1.70837,1.00,1.00
2016.10.28 07:13:43.315,1.70795,1.70839,1.00,1.00
2016.10.28 07:13:43.875,1.70796,1.7084,1.00,1.00
2016.10.28 07:13:44.820,1.70795,1.70839,1.50,1.00
2016.10.28 07:13:45.122,1.70797,1.70839,1.00,1.00
2016.10.28 07:13:45.273,1.70797,1.70841,1.00,1.00
2016.10.28 07:13:45.824,1.70796,1.7084,1.50,1.00
2016.10.28 07:13:46.807,1.70796,1.70839,1.00,1.00
2016.10.28 07:13:47.384,1.70796,1.7084,1.50,1.00
2016.10.28 07:13:47.438,1.70799,1.7084,1.00,1.00
2016.10.28 07:13:47.489,1.70798,1.70842,1.00,1.00
2016.10.28 07:13:47.889,1.708,1.70842,1.00,1.00
2016.10.28 07:13:47.940,1.70801,1.70845,1.00,1.00
2016.10.28 07:13:50.477,1.70799,1.70843,1.50,1.00
2016.10.28 07:13:51.133,1.70798,1.70842,1.50,1.00
2016.10.28 07:13:51.446,1.70797,1.70838,1.00,1.00
2016.10.28 07:13:51.870,1.70792,1.70836,1.37,1.00
2016.10.28 07:13:51.971,1.70791,1.70835,1.00,1.00
2016.10.28 07:13:52.788,1.70791,1.70833,1.00,1.00
2016.10.28 07:13:52.996,1.70793,1.70837,1.00,1.00
2016.10.28 07:13:53.097,1.70793,1.70835,1.00,1.00
2016.10.28 07:13:53.148,1.70793,1.70837,1.00,1.00
2016.10.28 07:13:53.250,1.70795,1.70837,1.00,1.00
2016.10.28 07:13:53.402,1.70797,1.70841,1.50,1.00
2016.10.28 07:13:53.453,1.70798,1.70838,1.00,1.00
2016.10.28 07:13:54.062,1.70792,1.70836,1.00,1.00
2016.10.28 07:13:54.112,1.70794,1.70836,1.00,1.00
2016.10.28 07:13:54.608,1.7079,1.70832,1.00,1.00
2016.10.28 07:13:54.921,1.70782,1.70825,1.00,1.00
2016.10.28 07:13:55.316,1.70781,1.70823,1.00,1.00
2016.10.28 07:13:55.970,1.7078,1.70822,1.12,1.00
2016.10.28 07:13:56.838,1.70776,1.70819,1.00,1.00
2016.10.28 07:13:57.066,1.70777,1.70821,1.00,1.00
2016.10.28 07:13:57.534,1.70779,1.70821,1.00,1.00
2016.10.28 07:13:58.117,1.70778,1.7082,1.00,1.00
2016.10.28 07:13:58.801,1.70768,1.70812,1.37,1.00
2016.10.28 07:13:58.902,1.70767,1.70811,1.50,1.00
2016.10.28 07:13:59.185,1.70769,1.70811,1.00,1.00
2016.10.28 07:14:00.006,1.70769,1.70813,1.00,1.00
2016.10.28 07:14:00.668,1.70771,1.70813,1.00,1.00
2016.10.28 07:14:01.255,1.70772,1.70814,1.00,1.00
2016.10.28 07:14:01.508,1.7077,1.70814,1.00,1.00
2016.10.28 07:14:01.559,1.70772,1.70814,1.00,1.00
2016.10.28 07:14:01.761,1.70783,1.70827,1.00,1.00
2016.10.28 07:14:01.863,1.70786,1.70828,1.00,1.00
2016.10.28 07:14:01.975,1.70787,1.70831,1.00,1.00
2016.10.28 07:14:05.038,1.7079,1.70832,1.00,1.00
2016.10.28 07:14:05.598,1.70789,1.70834,1.00,1.00
2016.10.28 07:14:05.649,1.70793,1.70835,1.00,1.00
2016.10.28 07:14:05.750,1.70789,1.70832,1.00,1.00
2016.10.28 07:14:05.801,1.70789,1.70829,1.00,1.00
2016.10.28 07:14:05.954,1.70786,1.70829,1.00,1.00
2016.10.28 07:14:06.004,1.70786,1.70827,1.00,1.00
2016.10.28 07:14:06.748,1.70786,1.70828,1.00,1.50
2016.10.28 07:14:07.443,1.70785,1.70828,1.00,1.00
2016.10.28 07:14:10.242,1.70793,1.70828,1.00,1.00
2016.10.28 07:14:10.292,1.708,1.70839,1.00,1.00
2016.10.28 07:14:10.494,1.70799,1.70843,1.00,1.00
2016.10.28 07:14:10.544,1.70796,1.7084,1.00,1.00
2016.10.28 07:14:10.875,1.70796,1.70838,1.00,1.00
2016.10.28 07:14:13.115,1.70802,1.70845,1.00,1.00
2016.10.28 07:14:13.165,1.70804,1.70847,1.00,1.00
2016.10.28 07:14:13.317,1.70811,1.70855,1.00,1.00
2016.10.28 07:14:13.857,1.70812,1.70854,1.00,1.00
2016.10.28 07:14:14.059,1.70811,1.70852,1.00,1.00
2016.10.28 07:14:14.580,1.7081,1.70848,1.00,1.00
2016.10.28 07:14:15.540,1.70811,1.70848,1.00,1.00
