2016.03.15 12:00:00.678,2.12914,2.12986,1.00,1.34
2016.03.15 12:00:01.436,2.12913,2.12987,1.00,1.34
2016.03.15 12:00:02.316,2.12914,2.12986,1.00,1.34
2016.03.15 12:00:02.568,2.12924,2.12992,1.00,1.34
2016.03.15 12:00:02.669,2.12914,2.12986,1.12,1.34
2016.03.15 12:00:02.770,2.12923,2.12987,1.00,1.34
2016.03.15 12:00:02.990,2.12913,2.12987,1.00,1.34
2016.03.15 12:00:06.753,2.12913,2.12977,1.00,1.00
2016.03.15 12:00:08.256,2.12904,2.12976,1.00,1.00
2016.03.15 12:00:08.458,2.12904,2.12975,1.00,1.71
2016.03.15 12:00:08.787,2.12895,2.12966,1.00,1.34
2016.03.15 12:00:08.838,2.12903,2.12967,1.00,1.34
2016.03.15 12:00:09.141,2.12894,2.12966,1.50,1.34
2016.03.15 12:00:09.718,2.12895,2.12966,1.00,1.34
2016.03.15 12:00:10.232,2.12894,2.12964,1.00,1.00
2016.03.15 12:00:10.283,2.12893,2.12957,1.00,1.00
2016.03.15 12:00:10.458,2.12885,2.12957,1.12,1.00
2016.03.15 12:00:11.403,2.12886,2.12957,1.00,1.00
2016.03.15 12:00:11.667,2.12883,2.12957,1.00,1.00
2016.03.15 12:00:14.628,2.12883,2.12956,1.00,1.00
2016.03.15 12:00:15.131,2.12884,2.12955,1.00,1.00
2016.03.15 12:00:15.186,2.12873,2.12947,1.75,1.00
2016.03.15 12:00:15.557,2.12873,2.12947,1.00,1.00
2016.03.15 12:00:15.658,2.12873,2.12937,1.00,1.00
2016.03.15 12:00:15.759,2.12864,2.12936,1.75,1.00
2016.03.15 12:00:15.810,2.12864,2.12936,1.37,1.12
2016.03.15 12:00:15.911,2.12864,2.12936,1.00,1.12
2016.03.15 12:00:16.701,2.12871,2.12936,1.00,1.12
2016.03.15 12:00:17.004,2.12873,2.12941,1.00,1.75
2016.03.15 12:00:17.515,2.12874,2.12936,1.00,1.12
2016.03.15 12:00:17.829,2.12873,2.12944,1.00,1.00
2016.03.15 12:00:17.980,2.12873,2.12945,1.00,1.87
2016.03.15 12:00:18.193,2.12864,2.12936,1.00,1.00
2016.03.15 12:00:18.294,2.12874,2.12936,1.00,1.00
2016.03.15 12:00:18.529,2.12863,2.12937,1.00,1.00
2016.03.15 12:00:19.161,2.12864,2.12936,1.00,1.00
2016.03.15 12:00:20.166,2.12863,2.12928,1.00,1.00
2016.03.15 12:00:20.368,2.12843,2.12917,1.00,1.34
2016.03.15 12:00:20.620,2.12842,2.12906,1.00,1.00
2016.03.15 12:00:21.019,2.12844,2.12916,1.00,1.37
2016.03.15 12:00:21.070,2.12844,2.12916,1.00,1.00
2016.03.15 12:00:21.272,2.12863,2.12928,1.00,1.09
2016.03.15 12:00:21.373,2.12863,2.12931,1.00,1.00
2016.03.15 12:00:21.625,2.12864,2.12922,1.00,1.00
2016.03.15 12:00:21.726,2.12873,2.12935,1.00,1.00
2016.03.15 12:00:22.209,2.12873,2.12937,1.00,1.00
2016.03.15 12:00:23.135,2.12874,2.12946,1.00,1.34
2016.03.15 12:00:23.790,2.12884,2.12946,1.00,1.34
2016.03.15 12:00:24.142,2.12874,2.12946,1.75,1.34
2016.03.15 12:00:24.318,2.12883,2.12954,1.00,1.84
2016.03.15 12:00:25.681,2.12884,2.12946,1.00,1.34
2016.03.15 12:00:25.782,2.12873,2.12947,1.00,1.34
2016.03.15 12:00:26.226,2.12884,2.12946,1.00,1.34
2016.03.15 12:00:26.428,2.12874,2.12946,1.00,1.34
2016.03.15 12:00:26.897,2.12874,2.12945,1.00,1.34
2016.03.15 12:00:26.998,2.12864,2.12936,1.50,1.46
2016.03.15 12:00:27.099,2.12863,2.12926,1.00,1.00
2016.03.15 12:00:27.201,2.12863,2.12937,1.50,1.84
2016.03.15 12:00:27.673,2.12863,2.12937,1.50,1.00
2016.03.15 12:00:27.723,2.12863,2.12937,1.87,1.00
2016.03.15 12:00:27.842,2.12874,2.12946,1.00,1.00
2016.03.15 12:00:28.348,2.12874,2.12946,1.00,1.34
2016.03.15 12:00:28.399,2.12864,2.12936,1.75,1.00
2016.03.15 12:00:28.500,2.12874,2.12936,1.00,1.00
2016.03.15 12:00:28.756,2.12863,2.12937,1.75,1.00
2016.03.15 12:00:28.857,2.12863,2.12937,1.00,1.00
2016.03.15 12:00:29.510,2.12873,2.12937,1.00,1.00
2016.03.15 12:00:30.427,2.12864,2.12936,1.75,1.00
2016.03.15 12:00:30.478,2.12874,2.1293,1.00,1.00
2016.03.15 12:00:30.579,2.12874,2.12936,1.00,1.00
2016.03.15 12:00:30.630,2.12863,2.12937,1.00,1.50
2016.03.15 12:00:31.154,2.12864,2.12936,1.00,1.00
2016.03.15 12:00:32.792,2.12864,2.12926,1.00,1.00
2016.03.15 12:00:33.149,2.12863,2.12937,1.00,1.00
2016.03.15 12:00:33.374,2.12874,2.12936,1.00,1.00
2016.03.15 12:00:33.675,2.12864,2.12936,1.00,1.00
2016.03.15 12:00:34.204,2.12863,2.12937,1.00,1.00
2016.03.15 12:00:34.557,2.12874,2.12936,1.00,1.00
2016.03.15 12:00:36.651,2.12874,2.12946,1.00,1.00
2016.03.15 12:00:36.752,2.12873,2.12937,1.00,1.00
2016.03.15 12:00:38.615,2.12863,2.12937,1.37,1.00
2016.03.15 12:00:39.199,2.12864,2.12936,1.37,1.00
2016.03.15 12:00:39.622,2.12855,2.12926,1.75,1.00
2016.03.15 12:00:39.774,2.12854,2.12926,1.00,1.00
2016.03.15 12:00:40.188,2.12863,2.12927,1.00,1.00
2016.03.15 12:00:40.289,2.12863,2.12937,1.00,1.71
2016.03.15 12:00:40.706,2.12863,2.12927,1.00,1.00
2016.03.15 12:00:40.959,2.12853,2.12927,1.12,1.00
2016.03.15 12:00:42.051,2.12843,2.12917,1.00,1.00
2016.03.15 12:00:42.363,2.12833,2.12907,1.00,1.00
2016.03.15 12:00:42.881,2.12834,2.12906,1.00,1.00
2016.03.15 12:00:43.803,2.12843,2.12917,1.00,1.71
2016.03.15 12:00:43.904,2.12834,2.12906,1.00,1.00
2016.03.15 12:00:44.408,2.12833,2.12907,1.00,1.00
2016.03.15 12:00:44.887,2.12831,2.12897,1.00,1.00
2016.03.15 12:00:45.138,2.12823,2.12897,1.00,1.00
2016.03.15 12:00:46.975,2.12824,2.12896,1.00,1.00
2016.03.15 12:00:47.237,2.12833,2.12907,1.00,1.37
2016.03.15 12:00:47.415,2.12833,2.12897,1.00,1.00
2016.03.15 12:00:48.541,2.12833,2.12907,1.00,1.71
2016.03.15 12:00:48.731,2.12824,2.12896,1.00,1.00
2016.03.15 12:00:50.967,2.12833,2.12897,1.00,1.00
2016.03.15 12:00:51.170,2.12823,2.12897,1.00,1.00
2016.03.15 12:00:51.841,2.12834,2.12906,1.00,1.46
2016.03.15 12:00:54.125,2.12834,2.12896,1.00,1.00
2016.03.15 12:00:54.482,2.12824,2.12896,1.00,1.00
2016.03.15 12:00:54.583,2.12834,2.12896,1.00,1.00
2016.03.15 12:00:55.087,2.12834,2.12896,1.00,1.37
2016.03.15 12:00:56.138,2.12833,2.12901,1.00,1.09
2016.03.15 12:00:56.239,2.12823,2.12897,1.00,1.50
2016.03.15 12:00:56.441,2.12823,2.12897,1.00,1.00
2016.03.15 12:00:56.593,2.12833,2.12905,1.00,1.46
2016.03.15 12:00:58.202,2.12834,2.12906,1.00,1.34
2016.03.15 12:01:00.970,2.12833,2.12907,1.00,1.34
2016.03.15 12:01:01.474,2.12834,2.12906,1.00,1.34
2016.03.15 12:01:02.076,2.12833,2.12907,1.00,1.34
2016.03.15 12:01:02.737,2.12834,2.12906,1.00,1.34
2016.03.15 12:01:03.040,2.12825,2.12897,1.00,1.00
2016.03.15 12:01:03.090,2.12831,2.12897,1.00,1.00
2016.03.15 12:01:03.296,2.12843,2.12917,1.00,1.75
2016.03.15 12:01:03.397,2.12854,2.12918,1.00,1.75
2016.03.15 12:01:03.449,2.12854,2.12917,1.00,1.00
2016.03.15 12:01:03.550,2.12854,2.12919,1.00,1.00
2016.03.15 12:01:03.776,2.12854,2.12926,1.00,1.50
2016.03.15 12:01:04.281,2.12853,2.12927,1.00,1.75
2016.03.15 12:01:05.491,2.12854,2.12926,1.00,1.50
2016.03.15 12:01:05.629,2.12856,2.12926,1.00,1.50
2016.03.15 12:01:05.792,2.12864,2.12936,1.00,1.00
2016.03.15 12:01:06.043,2.12874,2.12936,1.00,1.00
2016.03.15 12:01:07.990,2.12874,2.12946,1.00,1.75
2016.03.15 12:01:08.091,2.12874,2.12946,1.00,1.00
2016.03.15 12:01:08.206,2.12884,2.12953,1.00,1.09
2016.03.15 12:01:08.786,2.12874,2.12946,1.00,1.00
2016.03.15 12:01:08.887,2.12883,2.12953,1.00,1.09
2016.03.15 12:01:09.119,2.12874,2.12946,1.00,1.00
2016.03.15 12:01:09.321,2.12884,2.12953,1.00,1.09
2016.03.15 12:01:09.711,2.12874,2.12946,1.00,1.00
2016.03.15 12:01:11.529,2.12884,2.12946,1.00,1.00
2016.03.15 12:01:11.831,2.12894,2.12956,1.00,1.00
2016.03.15 12:01:11.882,2.12894,2.12959,1.00,1.00
2016.03.15 12:01:11.983,2.12893,2.12957,1.00,1.00
2016.03.15 12:01:12.084,2.12893,2.12959,1.00,1.00
2016.03.15 12:01:12.185,2.12893,2.12957,1.00,1.00
2016.03.15 12:01:12.505,2.12884,2.12956,1.00,1.00
2016.03.15 12:01:12.656,2.12894,2.12956,1.00,1.00
2016.03.15 12:01:13.295,2.12883,2.12957,1.00,1.00
2016.03.15 12:01:13.928,2.12884,2.12956,1.00,1.34
2016.03.15 12:01:14.079,2.12865,2.12936,1.00,1.00
2016.03.15 12:01:14.282,2.12863,2.12937,1.00,1.00
2016.03.15 12:01:14.383,2.12863,2.12927,1.00,1.00
2016.03.15 12:01:14.713,2.12874,2.12936,1.00,1.00
2016.03.15 12:01:14.814,2.12863,2.12937,1.00,1.00
2016.03.15 12:01:15.351,2.12864,2.12936,1.00,1.00
2016.03.15 12:01:15.402,2.12864,2.12926,1.00,1.00
2016.03.15 12:01:15.603,2.12853,2.12927,1.00,1.37
2016.03.15 12:01:15.874,2.12854,2.12921,1.00,1.00
2016.03.15 12:01:15.975,2.12844,2.12916,1.00,1.00
2016.03.15 12:01:16.127,2.12853,2.12917,1.00,1.00
2016.03.15 12:01:16.815,2.12853,2.12927,1.00,1.71
2016.03.15 12:01:17.154,2.12853,2.12917,1.00,1.00
2016.03.15 12:01:17.256,2.12853,2.12927,1.00,1.71
2016.03.15 12:01:18.106,2.12854,2.12926,1.00,1.46
2016.03.15 12:01:22.177,2.12843,2.12917,1.00,1.00
2016.03.15 12:01:22.328,2.12853,2.12917,1.00,1.00
2016.03.15 12:01:22.454,2.12843,2.12917,1.00,1.00
2016.03.15 12:01:22.979,2.12843,2.12917,1.00,1.50
2016.03.15 12:01:23.969,2.12844,2.12916,1.00,1.12
2016.03.15 12:01:24.120,2.12851,2.12916,1.00,1.12
2016.03.15 12:01:24.423,2.12863,2.12933,1.00,1.75
2016.03.15 12:01:24.945,2.12864,2.12933,1.00,1.75
2016.03.15 12:01:25.096,2.12864,2.12932,1.00,1.00
2016.03.15 12:01:25.197,2.12864,2.12931,1.00,1.75
2016.03.15 12:01:25.298,2.12854,2.12926,1.00,1.12
2016.03.15 12:01:25.399,2.12864,2.12931,1.00,1.75
2016.03.15 12:01:25.717,2.12854,2.12924,1.00,1.00
2016.03.15 12:01:25.818,2.12854,2.12922,1.00,1.00
2016.03.15 12:01:26.119,2.12854,2.12921,1.00,1.75
2016.03.15 12:01:28.808,2.12854,2.12911,1.00,1.00
2016.03.15 12:01:28.921,2.12843,2.12903,1.00,1.00
2016.03.15 12:01:29.022,2.12834,2.12901,1.00,1.50
2016.03.15 12:01:29.123,2.12834,2.12893,1.00,1.00
2016.03.15 12:01:29.274,2.12824,2.12889,1.00,1.75
2016.03.15 12:01:30.540,2.12823,2.12895,1.00,1.75
2016.03.15 12:01:30.941,2.12824,2.12895,1.00,1.00
2016.03.15 12:01:30.992,2.12834,2.12894,1.00,1.00
2016.03.15 12:01:31.475,2.12834,2.12896,1.00,1.00
2016.03.15 12:01:31.793,2.12823,2.12896,1.00,1.00
2016.03.15 12:01:31.894,2.12824,2.1289,1.00,1.00
2016.03.15 12:01:32.096,2.12814,2.12884,1.00,1.00
2016.03.15 12:01:32.147,2.12814,2.12884,1.00,1.75
2016.03.15 12:01:32.753,2.12813,2.12883,1.00,1.75
2016.03.15 12:01:33.076,2.12844,2.12893,1.00,1.00
2016.03.15 12:01:33.595,2.12844,2.12916,1.00,2.25
2016.03.15 12:01:34.274,2.12844,2.12906,1.00,1.00
2016.03.15 12:01:34.384,2.12833,2.12907,1.00,1.00
2016.03.15 12:01:34.435,2.12833,2.12905,1.00,1.00
2016.03.15 12:01:34.791,2.12824,2.12896,1.00,1.34
2016.03.15 12:01:35.295,2.12823,2.12897,1.00,1.34
2016.03.15 12:01:36.263,2.12824,2.12896,1.00,1.34
2016.03.15 12:01:37.050,2.12834,2.12896,1.00,1.34
2016.03.15 12:01:38.053,2.12824,2.12896,1.00,1.34
2016.03.15 12:01:38.255,2.12833,2.12897,1.00,1.34
2016.03.15 12:01:38.606,2.12823,2.12897,1.00,1.34
2016.03.15 12:01:39.561,2.12824,2.12896,1.00,1.34
2016.03.15 12:01:42.206,2.12833,2.12897,1.00,1.34
2016.03.15 12:01:44.354,2.12834,2.12896,1.00,1.34
2016.03.15 12:01:44.506,2.12824,2.12896,1.00,1.34
2016.03.15 12:01:44.871,2.12834,2.12896,1.00,1.34
2016.03.15 12:01:45.514,2.12834,2.12906,1.00,2.25
2016.03.15 12:01:45.718,2.12844,2.12908,1.00,1.75
2016.03.15 12:01:45.870,2.12844,2.12909,1.00,1.09
2016.03.15 12:01:46.273,2.12853,2.12917,1.00,1.84
2016.03.15 12:01:47.605,2.12844,2.12916,1.00,1.34
2016.03.15 12:01:48.508,2.12843,2.12917,1.00,1.34
2016.03.15 12:01:51.985,2.12844,2.12916,1.00,1.34
2016.03.15 12:01:52.534,2.12843,2.12907,1.00,1.00
2016.03.15 12:01:52.793,2.12834,2.12906,1.00,1.00
2016.03.15 12:01:52.995,2.12843,2.12914,1.00,1.09
2016.03.15 12:01:53.307,2.12853,2.12914,1.00,1.09
2016.03.15 12:01:54.340,2.12844,2.12914,1.00,1.09
2016.03.15 12:01:55.426,2.12833,2.12907,1.00,1.00
2016.03.15 12:01:55.964,2.12844,2.12906,1.00,1.00
2016.03.15 12:01:56.065,2.12844,2.12913,1.00,1.71
2016.03.15 12:01:58.497,2.12853,2.12917,1.00,1.34
2016.03.15 12:01:59.150,2.12853,2.12917,1.00,1.00
2016.03.15 12:02:00.055,2.12846,2.12916,1.00,1.00
2016.03.15 12:02:01.035,2.12844,2.12916,1.87,1.00
2016.03.15 12:02:02.439,2.12846,2.12916,1.00,1.00
2016.03.15 12:02:02.965,2.12847,2.12916,1.00,1.00
2016.03.15 12:02:03.020,2.12857,2.12916,1.00,1.00
2016.03.15 12:02:03.582,2.12857,2.12917,1.00,1.00
2016.03.15 12:02:03.634,2.12851,2.12916,1.12,1.00
2016.03.15 12:02:04.333,2.12854,2.12916,1.00,1.00
2016.03.15 12:02:04.535,2.12848,2.12917,1.00,1.00
2016.03.15 12:02:04.586,2.12845,2.12917,1.12,1.00
2016.03.15 12:02:04.636,2.12854,2.12916,1.00,1.00
2016.03.15 12:02:05.656,2.12853,2.12927,1.00,1.84
2016.03.15 12:02:05.991,2.12853,2.12917,1.00,1.00
2016.03.15 12:02:06.195,2.12849,2.12917,1.00,1.00
2016.03.15 12:02:06.296,2.12854,2.12926,1.00,1.34
2016.03.15 12:02:07.534,2.12853,2.12927,1.00,1.34
2016.03.15 12:02:08.067,2.12854,2.12926,1.00,1.34
2016.03.15 12:02:10.595,2.12846,2.12916,1.00,1.00
2016.03.15 12:02:11.049,2.12843,2.12917,1.00,1.00
2016.03.15 12:02:11.150,2.12843,2.12907,1.00,1.00
2016.03.15 12:02:12.057,2.12843,2.12917,1.00,1.00
2016.03.15 12:02:12.209,2.12844,2.12917,1.37,1.00
2016.03.15 12:02:12.511,2.12853,2.12927,1.00,1.34
2016.03.15 12:02:12.713,2.12843,2.12917,1.50,1.00
2016.03.15 12:02:12.915,2.12844,2.12906,1.00,1.00
2016.03.15 12:02:13.348,2.12834,2.12906,1.37,1.00
2016.03.15 12:02:13.852,2.12833,2.12907,1.50,1.00
2016.03.15 12:02:14.223,2.12843,2.12917,1.00,1.50
2016.03.15 12:02:14.529,2.12843,2.12917,1.75,1.00
2016.03.15 12:02:15.031,2.12844,2.12916,1.75,1.00
2016.03.15 12:02:15.749,2.12853,2.12927,1.00,1.34
2016.03.15 12:02:18.066,2.12854,2.12916,1.00,1.00
2016.03.15 12:02:19.604,2.12843,2.12917,1.75,1.00
2016.03.15 12:02:19.806,2.12843,2.12914,1.75,1.00
2016.03.15 12:02:20.108,2.12844,2.12906,1.00,1.00
2016.03.15 12:02:20.376,2.12843,2.12917,1.00,1.12
2016.03.15 12:02:21.385,2.12854,2.12916,1.00,1.00
2016.03.15 12:02:23.251,2.12844,2.12916,1.12,1.00
2016.03.15 12:02:23.453,2.12843,2.12907,1.00,1.00
2016.03.15 12:02:23.554,2.12844,2.12916,1.00,1.00
2016.03.15 12:02:23.773,2.12844,2.12916,2.25,1.00
2016.03.15 12:02:24.118,2.12864,2.12926,1.00,1.34
2016.03.15 12:02:25.445,2.12866,2.12926,1.00,1.34
2016.03.15 12:02:27.610,2.12866,2.12931,1.37,1.84
2016.03.15 12:02:28.090,2.12874,2.12946,1.00,1.34
2016.03.15 12:02:28.141,2.12874,2.12946,1.00,1.00
2016.03.15 12:02:28.242,2.12877,2.12946,1.00,1.00
2016.03.15 12:02:28.443,2.12884,2.12956,1.00,1.09
2016.03.15 12:02:28.544,2.12884,2.12956,1.37,1.09
2016.03.15 12:02:28.847,2.12894,2.12966,1.00,1.34
2016.03.15 12:02:28.898,2.12894,2.12966,1.00,1.00
2016.03.15 12:02:29.414,2.12894,2.12967,1.50,1.00
2016.03.15 12:02:31.520,2.12896,2.12967,1.00,1.00
2016.03.15 12:02:32.529,2.12895,2.12967,1.12,1.00
2016.03.15 12:02:33.897,2.12894,2.12966,1.50,1.00
2016.03.15 12:02:34.091,2.12894,2.12964,1.00,1.84
2016.03.15 12:02:34.243,2.12885,2.12957,1.50,1.34
2016.03.15 12:02:34.344,2.12893,2.12957,1.00,1.34
2016.03.15 12:02:34.875,2.12894,2.12964,1.00,1.84
2016.03.15 12:02:34.926,2.12894,2.12966,1.00,1.00
2016.03.15 12:02:35.009,2.12914,2.1297,1.00,1.12
2016.03.15 12:02:35.060,2.12914,2.12976,1.00,1.00
2016.03.15 12:02:35.370,2.12913,2.12983,1.00,1.00
2016.03.15 12:02:35.874,2.12914,2.12983,1.00,1.00
2016.03.15 12:02:35.975,2.12914,2.12986,1.00,1.00
2016.03.15 12:02:36.427,2.12923,2.12992,1.00,1.84
2016.03.15 12:02:37.231,2.12923,2.12997,1.00,1.34
2016.03.15 12:02:40.312,2.12923,2.12997,1.00,1.34
2016.03.15 12:02:40.866,2.12914,2.12986,1.50,1.00
2016.03.15 12:02:41.017,2.12914,2.12986,1.00,1.00
2016.03.15 12:02:41.169,2.12923,2.12987,1.00,1.00
2016.03.15 12:02:41.593,2.12913,2.12987,1.00,1.00
2016.03.15 12:02:43.448,2.12915,2.12987,1.00,1.00
2016.03.15 12:02:43.756,2.12924,2.12994,1.00,1.09
2016.03.15 12:02:44.911,2.12924,2.12986,1.00,1.00
2016.03.15 12:02:46.366,2.12923,2.12994,1.00,1.09
2016.03.15 12:02:46.618,2.12923,2.12997,1.00,1.84
2016.03.15 12:02:47.573,2.12923,2.12997,1.00,1.00
2016.03.15 12:02:47.775,2.12924,2.12986,1.00,1.00
2016.03.15 12:02:48.101,2.12933,2.12997,1.00,1.00
2016.03.15 12:02:48.303,2.12933,2.13007,1.00,3.00
2016.03.15 12:02:48.464,2.12934,2.12996,1.00,1.00
2016.03.15 12:02:48.894,2.12933,2.13006,1.00,1.37
2016.03.15 12:02:48.945,2.12933,2.13006,1.00,1.00
2016.03.15 12:02:49.096,2.12937,2.13007,1.00,1.50
2016.03.15 12:02:49.414,2.12964,2.13016,1.00,1.00
2016.03.15 12:02:49.666,2.12959,2.13016,1.50,1.00
2016.03.15 12:02:49.717,2.12954,2.13016,1.75,1.34
2016.03.15 12:02:49.918,2.12934,2.12993,1.00,1.84
2016.03.15 12:02:49.969,2.12925,2.12996,1.00,1.00
2016.03.15 12:02:50.019,2.12925,2.12996,1.00,1.75
2016.03.15 12:02:50.341,2.12953,2.13017,1.00,1.34
2016.03.15 12:02:50.543,2.12954,2.13018,1.00,1.00
2016.03.15 12:02:50.594,2.12954,2.13026,1.00,1.00
2016.03.15 12:02:50.644,2.12964,2.13026,1.00,1.00
2016.03.15 12:02:50.896,2.12973,2.13037,1.00,1.00
2016.03.15 12:02:50.947,2.12963,2.13037,1.50,1.00
2016.03.15 12:02:51.062,2.12954,2.13026,1.75,1.34
2016.03.15 12:02:51.113,2.12954,2.13026,1.00,1.34
2016.03.15 12:02:51.164,2.12956,2.13026,1.00,1.34
2016.03.15 12:02:51.366,2.12953,2.13017,1.00,1.09
2016.03.15 12:02:51.417,2.12943,2.13017,1.00,1.09
2016.03.15 12:02:51.518,2.12935,2.13006,1.12,1.00
2016.03.15 12:02:52.031,2.12934,2.13006,1.00,1.00
2016.03.15 12:02:54.489,2.12936,2.13009,1.00,1.09
2016.03.15 12:02:54.641,2.12936,2.13017,1.75,1.00
2016.03.15 12:02:54.691,2.12953,2.13027,1.00,1.75
2016.03.15 12:02:54.843,2.12954,2.13032,1.00,1.00
2016.03.15 12:02:55.055,2.12954,2.13026,1.00,1.00
2016.03.15 12:02:55.366,2.12953,2.13037,1.00,1.71
2016.03.15 12:02:56.260,2.12953,2.13027,1.00,1.00
2016.03.15 12:02:56.763,2.12954,2.13026,1.00,1.00
2016.03.15 12:02:57.112,2.12964,2.13036,1.00,1.46
2016.03.15 12:02:57.214,2.12954,2.13026,1.00,1.00
2016.03.15 12:02:57.766,2.12949,2.13016,1.75,1.00
2016.03.15 12:02:58.135,2.12954,2.13026,1.00,1.00
2016.03.15 12:02:58.682,2.12953,2.13027,1.00,1.00
2016.03.15 12:03:00.528,2.12944,2.13017,1.37,1.00
2016.03.15 12:03:00.578,2.12944,2.13017,1.00,1.00
2016.03.15 12:03:00.939,2.12946,2.13016,1.00,1.00
2016.03.15 12:03:00.990,2.12954,2.13026,1.00,1.37
2016.03.15 12:03:01.292,2.12953,2.13027,1.00,1.00
2016.03.15 12:03:01.393,2.12959,2.13027,1.00,1.00
2016.03.15 12:03:01.544,2.12963,2.13037,1.00,1.34
2016.03.15 12:03:01.646,2.12963,2.13037,1.00,1.00
2016.03.15 12:03:01.798,2.12965,2.13037,1.00,1.00
2016.03.15 12:03:01.899,2.12963,2.13037,1.50,1.00
2016.03.15 12:03:02.410,2.12964,2.13036,1.00,1.00
2016.03.15 12:03:02.763,2.12974,2.13046,1.00,1.75
2016.03.15 12:03:05.353,2.12973,2.13037,1.00,1.00
2016.03.15 12:03:07.698,2.12974,2.13046,1.00,1.00
2016.03.15 12:03:09.960,2.12974,2.13046,1.37,1.00
2016.03.15 12:03:10.263,2.12976,2.13046,1.75,1.00
2016.03.15 12:03:10.733,2.1298,2.13046,1.00,1.00
2016.03.15 12:03:10.834,2.12978,2.13046,1.12,1.00
2016.03.15 12:03:10.985,2.12983,2.13047,1.00,1.00
2016.03.15 12:03:12.301,2.12978,2.13047,1.12,1.00
2016.03.15 12:03:12.525,2.12984,2.13056,1.00,1.34
2016.03.15 12:03:12.828,2.12987,2.13056,1.37,1.34
2016.03.15 12:03:12.929,2.12987,2.13056,1.50,1.00
2016.03.15 12:03:13.084,2.12993,2.13067,1.00,1.00
2016.03.15 12:03:13.747,2.12997,2.13066,1.00,1.00
2016.03.15 12:03:14.101,2.13003,2.13067,1.00,1.00
2016.03.15 12:03:14.311,2.13004,2.13076,1.00,1.00
2016.03.15 12:03:16.124,2.12998,2.13067,1.37,1.00
2016.03.15 12:03:16.480,2.12997,2.13067,1.12,1.00
2016.03.15 12:03:16.632,2.12995,2.13066,1.00,1.00
2016.03.15 12:03:16.833,2.12995,2.13057,1.00,1.00
2016.03.15 12:03:17.123,2.12996,2.13066,1.00,1.00
2016.03.15 12:03:17.647,2.12996,2.13067,1.00,1.00
2016.03.15 12:03:18.543,2.12997,2.13067,1.00,1.00
2016.03.15 12:03:19.143,2.12996,2.13067,1.00,1.00
2016.03.15 12:03:19.895,2.12995,2.13067,1.00,1.00
2016.03.15 12:03:20.423,2.12995,2.13057,1.00,1.00
2016.03.15 12:03:20.574,2.12999,2.13067,1.00,1.00
2016.03.15 12:03:20.675,2.13001,2.13066,1.00,1.00
2016.03.15 12:03:21.079,2.12999,2.13066,1.00,1.00
2016.03.15 12:03:21.240,2.12996,2.13067,1.00,1.00
2016.03.15 12:03:21.341,2.12993,2.13061,1.00,1.09
2016.03.15 12:03:21.493,2.12983,2.13057,1.00,1.37
2016.03.15 12:03:21.997,2.12984,2.13056,1.00,1.12
2016.03.15 12:03:22.098,2.12984,2.13046,1.00,1.00
2016.03.15 12:03:22.199,2.12984,2.13054,1.00,1.00
2016.03.15 12:03:22.405,2.12984,2.13055,1.00,1.37
2016.03.15 12:03:22.557,2.12974,2.13046,1.00,1.75
2016.03.15 12:03:22.758,2.12984,2.13046,1.00,1.75
2016.03.15 12:03:23.722,2.12973,2.13047,1.00,1.75
2016.03.15 12:03:24.075,2.12971,2.13037,1.00,1.00
2016.03.15 12:03:25.574,2.12963,2.13037,1.00,1.00
2016.03.15 12:03:26.033,2.12973,2.13037,1.00,1.00
2016.03.15 12:03:28.452,2.12974,2.13046,1.00,1.75
2016.03.15 12:03:29.512,2.12974,2.13046,1.00,1.37
2016.03.15 12:03:29.664,2.12979,2.13047,1.00,1.00
2016.03.15 12:03:29.916,2.12984,2.13056,1.00,1.00
2016.03.15 12:03:31.351,2.12994,2.13056,1.00,1.00
2016.03.15 12:03:31.904,2.12984,2.13056,1.00,1.00
2016.03.15 12:03:33.208,2.12987,2.13057,1.00,1.00
2016.03.15 12:03:33.510,2.12987,2.13057,1.75,1.00
2016.03.15 12:03:33.561,2.12993,2.13067,1.37,1.00
2016.03.15 12:03:33.611,2.12998,2.13067,1.00,1.00
2016.03.15 12:03:33.864,2.13004,2.13076,1.00,1.00
2016.03.15 12:03:34.074,2.12998,2.13067,1.00,1.00
2016.03.15 12:03:34.725,2.12998,2.13066,1.00,1.00
2016.03.15 12:03:34.885,2.12995,2.13066,1.00,1.00
2016.03.15 12:03:34.987,2.12994,2.13056,1.12,1.00
2016.03.15 12:03:35.498,2.12994,2.13057,1.00,1.00
2016.03.15 12:03:35.802,2.12991,2.13047,1.00,1.00
2016.03.15 12:03:35.853,2.12991,2.13057,1.37,1.00
2016.03.15 12:03:36.922,2.12992,2.13056,1.12,1.00
2016.03.15 12:03:37.426,2.12993,2.13056,1.00,1.00
2016.03.15 12:03:38.972,2.12991,2.13056,1.50,1.00
2016.03.15 12:03:39.562,2.12992,2.13057,1.12,1.00
2016.03.15 12:03:40.222,2.12991,2.13046,1.50,1.00
2016.03.15 12:03:40.976,2.12994,2.13046,1.00,1.00
2016.03.15 12:03:41.027,2.12994,2.13057,1.00,1.00
2016.03.15 12:03:41.078,2.12999,2.13057,1.00,1.00
2016.03.15 12:03:41.229,2.12999,2.13066,1.00,1.34
2016.03.15 12:03:41.810,2.12996,2.13066,1.00,1.34
2016.03.15 12:03:42.344,2.12997,2.13066,1.00,1.34
2016.03.15 12:03:43.280,2.12998,2.13066,1.00,1.34
2016.03.15 12:03:43.331,2.12998,2.13057,1.00,1.00
2016.03.15 12:03:43.908,2.12997,2.13057,1.00,1.00
2016.03.15 12:03:44.502,2.12996,2.13057,1.00,1.00
2016.03.15 12:03:44.654,2.12996,2.13066,1.00,1.34
2016.03.15 12:03:44.783,2.12998,2.13066,1.00,1.34
2016.03.15 12:03:45.084,2.12996,2.13066,1.00,1.34
2016.03.15 12:03:46.122,2.12996,2.13066,1.00,1.34
2016.03.15 12:03:46.460,2.12998,2.13067,1.00,1.34
2016.03.15 12:03:46.893,2.13,2.13067,1.00,1.34
2016.03.15 12:03:47.263,2.13,2.13065,1.00,1.84
2016.03.15 12:03:47.314,2.12998,2.13065,1.00,1.84
2016.03.15 12:03:47.849,2.12997,2.13064,1.00,1.34
2016.03.15 12:03:48.101,2.12995,2.13056,1.00,1.34
2016.03.15 12:03:48.655,2.12996,2.13065,1.00,2.59
2016.03.15 12:03:48.706,2.12998,2.13064,1.00,1.34
2016.03.15 12:03:49.259,2.12997,2.13065,1.00,2.59
2016.03.15 12:03:49.612,2.12994,2.13064,1.00,1.34
2016.03.15 12:03:49.824,2.12993,2.13057,1.12,1.00
2016.03.15 12:03:50.420,2.12994,2.13056,1.00,1.00
2016.03.15 12:03:50.572,2.12993,2.13067,1.87,1.00
2016.03.15 12:03:50.623,2.12995,2.13067,1.00,1.00
2016.03.15 12:03:51.130,2.12996,2.13067,1.00,1.00
2016.03.15 12:03:51.297,2.12993,2.13067,1.12,1.00
2016.03.15 12:03:51.999,2.12994,2.13066,1.00,1.00
2016.03.15 12:03:52.537,2.12993,2.13067,1.12,1.00
2016.03.15 12:03:52.739,2.12998,2.13067,1.00,1.00
2016.03.15 12:03:53.063,2.13003,2.13077,1.50,1.00
2016.03.15 12:03:53.315,2.13003,2.13067,1.50,1.00
2016.03.15 12:03:53.567,2.12993,2.13067,1.50,1.00
2016.03.15 12:03:53.668,2.12993,2.13056,1.00,1.00
2016.03.15 12:03:53.718,2.12991,2.13056,1.00,1.00
2016.03.15 12:03:53.870,2.12993,2.13067,1.00,1.00
2016.03.15 12:03:54.236,2.12986,2.13057,1.12,1.00
2016.03.15 12:03:54.796,2.12983,2.13057,1.75,1.00
2016.03.15 12:03:54.847,2.12983,2.13057,1.00,1.00
2016.03.15 12:03:55.179,2.12983,2.13057,1.00,1.37
2016.03.15 12:03:55.488,2.12982,2.13047,1.00,1.00
2016.03.15 12:03:55.539,2.12973,2.13047,1.00,1.00
2016.03.15 12:03:57.162,2.12983,2.13057,1.00,1.50
2016.03.15 12:03:59.065,2.12973,2.13047,1.00,1.00
2016.03.15 12:03:59.264,2.12983,2.13057,1.00,2.25
2016.03.15 12:03:59.806,2.12984,2.13056,1.00,1.37
2016.03.15 12:04:00.480,2.12993,2.13057,1.00,1.50
2016.03.15 12:04:03.876,2.12984,2.13056,1.00,1.37
2016.03.15 12:04:04.228,2.12994,2.13056,1.00,1.37
2016.03.15 12:04:04.826,2.12994,2.13056,1.00,1.00
2016.03.15 12:04:06.782,2.12993,2.13067,1.00,1.75
2016.03.15 12:04:06.855,2.13003,2.13067,1.00,1.75
2016.03.15 12:04:06.956,2.13003,2.1307,1.00,1.37
2016.03.15 12:04:07.007,2.13003,2.1307,1.00,1.00
2016.03.15 12:04:07.259,2.13003,2.13077,1.00,1.75
2016.03.15 12:04:07.310,2.13014,2.13076,1.00,1.75
2016.03.15 12:04:07.526,2.13004,2.13076,1.00,1.37
2016.03.15 12:04:07.627,2.13013,2.13077,1.00,1.00
2016.03.15 12:04:07.728,2.13004,2.13076,1.00,1.00
2016.03.15 12:04:08.232,2.13004,2.13076,1.00,1.50
2016.03.15 12:04:10.049,2.13003,2.13067,1.00,1.00
2016.03.15 12:04:12.342,2.13004,2.13075,1.00,1.12
2016.03.15 12:04:12.673,2.13003,2.13077,1.71,1.37
2016.03.15 12:04:12.975,2.13004,2.13066,1.00,1.00
2016.03.15 12:04:13.357,2.13007,2.13066,1.00,1.00
2016.03.15 12:04:13.462,2.13004,2.13066,1.00,1.00
2016.03.15 12:04:13.513,2.13004,2.13076,1.00,1.00
2016.03.15 12:04:13.690,2.12994,2.13066,1.75,1.00
2016.03.15 12:04:13.842,2.12994,2.13066,1.37,1.00
2016.03.15 12:04:13.893,2.12994,2.13066,1.00,1.00
2016.03.15 12:04:14.009,2.1299,2.13056,1.50,1.00
2016.03.15 12:04:14.315,2.12994,2.13056,1.00,1.00
2016.03.15 12:04:14.985,2.12988,2.13057,1.00,1.00
2016.03.15 12:04:15.237,2.12994,2.13056,1.00,1.00
2016.03.15 12:04:15.438,2.12994,2.13066,1.00,1.00
2016.03.15 12:04:15.691,2.12997,2.13066,1.00,1.00
2016.03.15 12:04:16.244,2.12996,2.13067,1.00,1.00
2016.03.15 12:04:16.585,2.13001,2.13066,1.00,1.00
2016.03.15 12:04:17.051,2.12999,2.13066,1.00,1.00
2016.03.15 12:04:17.158,2.12996,2.13066,1.00,1.00
2016.03.15 12:04:17.269,2.12998,2.13066,1.00,1.00
2016.03.15 12:04:17.572,2.12995,2.13066,1.00,1.00
2016.03.15 12:04:17.673,2.12997,2.13066,1.00,1.00
2016.03.15 12:04:17.982,2.13004,2.13066,1.00,1.00
2016.03.15 12:04:18.184,2.13013,2.13077,1.00,1.37
2016.03.15 12:04:18.285,2.13019,2.13082,1.12,1.34
2016.03.15 12:04:18.336,2.13019,2.13082,1.12,1.00
2016.03.15 12:04:18.438,2.13021,2.13082,1.00,1.00
2016.03.15 12:04:18.489,2.13019,2.13081,1.12,1.00
2016.03.15 12:04:18.590,2.13017,2.13086,1.75,1.00
2016.03.15 12:04:18.855,2.13023,2.13087,1.00,1.00
2016.03.15 12:04:19.057,2.13024,2.13091,1.00,1.00
2016.03.15 12:04:19.108,2.13024,2.13096,1.00,1.00
2016.03.15 12:04:19.410,2.13024,2.13086,1.00,1.00
2016.03.15 12:04:21.392,2.13022,2.13086,1.00,1.00
2016.03.15 12:04:21.909,2.13023,2.13087,1.00,1.00
2016.03.15 12:04:22.964,2.13024,2.13087,1.00,1.00
2016.03.15 12:04:23.514,2.13023,2.13087,1.50,1.00
2016.03.15 12:04:23.565,2.13019,2.13086,1.12,1.00
2016.03.15 12:04:23.827,2.13022,2.13086,1.00,1.00
2016.03.15 12:04:24.142,2.13025,2.13096,1.00,1.00
2016.03.15 12:04:24.294,2.13027,2.13096,1.37,1.00
2016.03.15 12:04:25.094,2.13023,2.13087,1.75,1.00
2016.03.15 12:04:25.605,2.1302,2.13086,1.75,1.00
2016.03.15 12:04:25.908,2.13017,2.13077,1.00,1.00
2016.03.15 12:04:26.059,2.1301,2.13077,1.50,1.00
2016.03.15 12:04:26.110,2.13019,2.13076,1.00,1.00
2016.03.15 12:04:26.211,2.13023,2.13087,1.00,1.00
2016.03.15 12:04:26.537,2.13023,2.13097,1.00,1.00
2016.03.15 12:04:26.588,2.13025,2.13097,1.00,1.00
2016.03.15 12:04:27.081,2.13025,2.13087,1.00,1.00
2016.03.15 12:04:27.560,2.13025,2.13096,1.00,1.00
2016.03.15 12:04:27.714,2.13027,2.13096,1.75,1.00
2016.03.15 12:04:28.216,2.13028,2.13097,1.50,1.00
2016.03.15 12:04:28.317,2.13023,2.13087,1.50,1.00
2016.03.15 12:04:28.888,2.13024,2.13086,1.00,1.00
2016.03.15 12:04:29.045,2.13015,2.13086,1.00,1.00
2016.03.15 12:04:29.096,2.13015,2.13077,1.00,1.00
2016.03.15 12:04:29.621,2.13014,2.13076,1.00,1.00
2016.03.15 12:04:29.722,2.13014,2.13086,1.00,1.00
2016.03.15 12:04:29.991,2.1302,2.13086,1.00,1.00
2016.03.15 12:04:30.596,2.13019,2.13086,1.00,1.00
2016.03.15 12:04:30.898,2.13014,2.13076,1.50,1.00
2016.03.15 12:04:31.907,2.13015,2.13076,1.00,1.00
2016.03.15 12:04:32.801,2.13006,2.13076,1.00,1.00
2016.03.15 12:04:32.902,2.13015,2.13076,1.00,1.00
2016.03.15 12:04:33.003,2.13013,2.13077,1.00,1.00
2016.03.15 12:04:34.012,2.13013,2.13087,1.00,1.12
2016.03.15 12:04:34.454,2.13009,2.13076,1.00,1.00
2016.03.15 12:04:34.559,2.13004,2.13076,1.00,1.00
2016.03.15 12:04:34.910,2.13015,2.13076,1.00,1.00
2016.03.15 12:04:35.211,2.13016,2.13066,1.00,1.00
2016.03.15 12:04:36.020,2.13019,2.13066,1.00,1.00
2016.03.15 12:04:37.118,2.13015,2.13076,1.00,1.00
2016.03.15 12:04:37.644,2.13016,2.13076,1.00,1.00
2016.03.15 12:04:38.022,2.13013,2.13077,1.00,1.00
2016.03.15 12:04:41.535,2.13014,2.13084,1.00,1.75
2016.03.15 12:04:42.166,2.13013,2.13087,1.00,1.75
2016.03.15 12:04:42.318,2.13018,2.13087,1.00,1.37
2016.03.15 12:04:42.368,2.13018,2.13087,1.00,1.00
2016.03.15 12:04:42.419,2.13013,2.13077,1.00,1.00
2016.03.15 12:04:42.620,2.13014,2.13086,1.00,1.00
2016.03.15 12:04:43.098,2.13024,2.13086,1.00,1.00
2016.03.15 12:04:43.268,2.13013,2.13087,1.00,1.00
2016.03.15 12:04:43.319,2.13015,2.13087,1.00,1.00
2016.03.15 12:04:43.621,2.13024,2.13086,1.00,1.00
2016.03.15 12:04:43.823,2.13013,2.13077,1.00,1.00
2016.03.15 12:04:44.268,2.13013,2.13087,1.00,1.00
2016.03.15 12:04:44.470,2.13015,2.13087,1.00,1.00
2016.03.15 12:04:45.432,2.13014,2.13087,1.00,1.00
2016.03.15 12:04:46.013,2.13023,2.13087,1.00,1.00
2016.03.15 12:04:46.114,2.13023,2.13093,1.00,1.75
2016.03.15 12:04:46.366,2.13024,2.13096,1.00,1.00
2016.03.15 12:04:46.567,2.13033,2.13096,1.00,1.00
2016.03.15 12:04:46.893,2.13024,2.13086,1.00,1.00
2016.03.15 12:04:46.994,2.13013,2.13087,1.37,1.00
2016.03.15 12:04:47.045,2.13016,2.13086,1.00,1.50
2016.03.15 12:04:47.146,2.13014,2.13086,1.00,1.50
2016.03.15 12:04:47.257,2.13014,2.13086,1.00,1.00
2016.03.15 12:04:47.358,2.13005,2.13076,1.75,1.00
2016.03.15 12:04:47.798,2.13013,2.13087,1.00,1.00
2016.03.15 12:04:48.171,2.13015,2.13087,1.00,1.00
2016.03.15 12:04:48.479,2.13014,2.13076,1.50,1.00
2016.03.15 12:04:48.731,2.13003,2.13077,2.25,1.00
2016.03.15 12:04:48.840,2.13003,2.13067,1.37,1.00
2016.03.15 12:04:48.891,2.13002,2.13067,1.00,1.00
2016.03.15 12:04:49.534,2.13001,2.13067,1.00,1.00
2016.03.15 12:04:49.736,2.12994,2.13067,1.50,1.00
2016.03.15 12:04:49.868,2.12998,2.13067,1.00,1.00
2016.03.15 12:04:50.247,2.12994,2.13066,1.50,1.00
2016.03.15 12:04:50.298,2.13003,2.13077,1.00,1.34
2016.03.15 12:04:50.349,2.13003,2.13077,1.34,1.00
2016.03.15 12:04:50.450,2.13013,2.13079,1.00,1.00
2016.03.15 12:04:50.551,2.13004,2.13076,1.00,1.00
2016.03.15 12:04:50.652,2.12997,2.13066,1.00,1.00
2016.03.15 12:04:51.200,2.12994,2.13066,1.50,1.00
2016.03.15 12:04:51.676,2.12999,2.13067,1.00,1.00
2016.03.15 12:04:51.877,2.12993,2.13067,1.75,1.00
2016.03.15 12:04:51.978,2.13004,2.13066,1.00,1.00
2016.03.15 12:04:52.079,2.12996,2.13067,1.12,1.00
2016.03.15 12:04:52.331,2.12993,2.13067,2.25,1.34
2016.03.15 12:04:52.433,2.12993,2.13067,1.50,1.00
2016.03.15 12:04:52.639,2.12992,2.13056,1.00,1.00
2016.03.15 12:04:53.041,2.12983,2.13057,1.75,1.00
2016.03.15 12:04:53.386,2.12981,2.13047,1.75,1.00
2016.03.15 12:04:53.487,2.12993,2.13057,1.00,1.00
2016.03.15 12:04:53.739,2.12994,2.13066,1.00,1.00
2016.03.15 12:04:54.142,2.13003,2.13077,1.00,1.75
2016.03.15 12:04:54.306,2.13007,2.13077,1.00,1.00
2016.03.15 12:04:54.457,2.1301,2.13076,1.00,1.00
2016.03.15 12:04:54.609,2.13013,2.13087,1.00,1.00
2016.03.15 12:04:54.769,2.13015,2.13087,1.00,1.00
2016.03.15 12:04:55.273,2.13014,2.13087,1.00,1.00
2016.03.15 12:04:55.585,2.13016,2.13086,2.25,1.00
2016.03.15 12:04:55.837,2.13023,2.13097,1.00,1.00
2016.03.15 12:04:56.376,2.13024,2.13096,1.00,1.00
2016.03.15 12:04:56.679,2.13034,2.13106,1.00,1.00
2016.03.15 12:04:57.182,2.13033,2.13107,1.00,1.00
2016.03.15 12:04:58.183,2.13033,2.13098,1.00,1.00
2016.03.15 12:04:58.234,2.13026,2.13097,1.75,1.00
2016.03.15 12:04:59.642,2.13026,2.13096,1.75,1.00
2016.03.15 12:05:00.143,2.13031,2.13096,1.00,1.00
2016.03.15 12:05:00.348,2.13028,2.13096,1.37,1.00
2016.03.15 12:05:00.398,2.13027,2.13096,1.87,1.00
2016.03.15 12:05:00.933,2.13032,2.13097,1.00,1.00
2016.03.15 12:05:00.984,2.13033,2.13107,1.00,1.00
2016.03.15 12:05:01.094,2.13033,2.13107,1.37,1.00
2016.03.15 12:05:01.296,2.13033,2.13107,1.00,1.00
2016.03.15 12:05:02.318,2.13026,2.13097,1.75,1.00
2016.03.15 12:05:02.419,2.13033,2.13107,1.00,1.00
2016.03.15 12:05:03.099,2.13034,2.13106,1.75,1.00
2016.03.15 12:05:03.300,2.13043,2.13117,1.00,1.00
2016.03.15 12:05:04.172,2.13044,2.13116,1.00,1.00
2016.03.15 12:05:04.523,2.13043,2.13107,1.00,1.00
2016.03.15 12:05:06.352,2.13044,2.13116,1.00,1.00
2016.03.15 12:05:07.508,2.13048,2.13116,1.00,1.00
2016.03.15 12:05:07.836,2.13053,2.13117,1.00,1.00
2016.03.15 12:05:07.937,2.13047,2.13116,1.37,1.00
2016.03.15 12:05:08.708,2.13054,2.13116,1.00,1.00
2016.03.15 12:05:09.132,2.13053,2.13127,1.00,1.00
2016.03.15 12:05:09.982,2.13054,2.13126,1.00,1.00
2016.03.15 12:05:10.484,2.13053,2.13127,1.00,1.00
2016.03.15 12:05:11.199,2.13053,2.13117,1.00,1.00
2016.03.15 12:05:11.351,2.13053,2.13127,1.00,1.00
2016.03.15 12:05:11.502,2.13059,2.13127,1.12,1.00
2016.03.15 12:05:11.655,2.13064,2.13136,1.00,1.00
2016.03.15 12:05:11.706,2.13064,2.13136,1.37,1.00
2016.03.15 12:05:12.008,2.13067,2.13136,1.75,1.00
2016.03.15 12:05:12.755,2.13064,2.13136,1.00,1.00
2016.03.15 12:05:13.296,2.13063,2.13137,1.00,1.00
2016.03.15 12:05:13.798,2.13066,2.13137,1.00,1.00
2016.03.15 12:05:14.101,2.13064,2.13136,2.25,1.00
2016.03.15 12:05:15.167,2.13073,2.13137,1.00,1.00
2016.03.15 12:05:17.055,2.13067,2.13137,1.37,1.00
2016.03.15 12:05:17.106,2.13067,2.13137,1.75,1.00
2016.03.15 12:05:17.268,2.13067,2.13137,1.50,1.00
2016.03.15 12:05:18.584,2.13066,2.13136,1.87,1.00
2016.03.15 12:05:20.492,2.13072,2.13136,1.00,1.00
2016.03.15 12:05:21.241,2.13067,2.13136,1.50,1.00
2016.03.15 12:05:22.542,2.13067,2.13137,1.37,1.00
2016.03.15 12:05:22.855,2.13063,2.13137,2.25,1.00
2016.03.15 12:05:22.906,2.13067,2.13137,1.00,1.00
2016.03.15 12:05:23.208,2.13073,2.13147,1.00,1.37
2016.03.15 12:05:23.259,2.13073,2.13147,1.00,1.00
2016.03.15 12:05:23.410,2.13076,2.13147,1.00,1.00
2016.03.15 12:05:23.619,2.13073,2.13147,1.00,1.00
2016.03.15 12:05:23.771,2.13073,2.13137,1.00,1.00
2016.03.15 12:05:24.612,2.13073,2.13147,1.00,1.00
2016.03.15 12:05:24.713,2.13073,2.13147,1.37,1.00
2016.03.15 12:05:25.016,2.13073,2.13137,1.00,1.00
2016.03.15 12:05:25.755,2.13081,2.13147,1.00,1.00
2016.03.15 12:05:26.309,2.13073,2.13137,1.75,1.00
2016.03.15 12:05:26.547,2.13073,2.13137,1.00,1.00
2016.03.15 12:05:26.708,2.13074,2.13146,1.00,1.00
2016.03.15 12:05:28.278,2.13073,2.13147,1.00,1.00
2016.03.15 12:05:28.815,2.13074,2.13146,1.00,1.00
2016.03.15 12:05:30.378,2.13073,2.13137,1.00,1.00
2016.03.15 12:05:32.663,2.13073,2.13147,1.50,1.00
2016.03.15 12:05:32.817,2.13082,2.13147,1.00,1.00
2016.03.15 12:05:33.138,2.13073,2.13147,1.75,1.00
2016.03.15 12:05:33.302,2.13073,2.13137,1.75,1.00
2016.03.15 12:05:33.549,2.13074,2.13146,1.75,1.00
2016.03.15 12:05:34.089,2.13071,2.13136,1.75,1.00
2016.03.15 12:05:34.190,2.13071,2.13136,1.00,1.00
2016.03.15 12:05:34.292,2.13074,2.13146,1.00,1.12
2016.03.15 12:05:41.412,2.13074,2.13146,1.00,1.34
2016.03.15 12:05:41.513,2.13074,2.13146,1.00,1.37
2016.03.15 12:05:41.564,2.13063,2.13137,1.00,1.00
2016.03.15 12:05:41.684,2.13073,2.13137,1.00,1.00
2016.03.15 12:05:41.903,2.13068,2.13136,1.00,1.00
2016.03.15 12:05:42.004,2.13064,2.13136,1.00,1.00
2016.03.15 12:05:42.532,2.13063,2.13137,1.00,1.00
2016.03.15 12:05:43.158,2.13067,2.13137,1.00,1.00
2016.03.15 12:05:43.462,2.13073,2.13147,1.00,1.00
2016.03.15 12:05:43.563,2.13083,2.13148,1.00,1.00
2016.03.15 12:05:44.039,2.13083,2.13157,1.00,1.75
2016.03.15 12:05:44.382,2.13083,2.1315,1.00,1.00
2016.03.15 12:05:44.685,2.13084,2.13146,1.00,1.00
2016.03.15 12:05:44.786,2.13084,2.13151,1.00,1.00
2016.03.15 12:05:45.312,2.13084,2.13152,1.00,1.12
2016.03.15 12:05:46.216,2.13093,2.13157,1.00,2.25
2016.03.15 12:05:46.657,2.13073,2.13147,1.00,1.00
2016.03.15 12:05:47.501,2.13084,2.13151,1.00,1.00
2016.03.15 12:05:48.003,2.13084,2.1315,1.00,1.00
2016.03.15 12:05:48.670,2.13084,2.13151,1.00,1.00
2016.03.15 12:05:49.672,2.13084,2.13152,1.00,1.12
2016.03.15 12:05:50.241,2.13084,2.1315,1.00,1.00
2016.03.15 12:05:51.475,2.13084,2.13149,1.00,1.00
2016.03.15 12:05:51.692,2.13074,2.13146,1.00,1.00
2016.03.15 12:05:53.680,2.13083,2.13147,1.00,1.00
2016.03.15 12:05:56.341,2.13083,2.13149,1.00,1.00
2016.03.15 12:05:56.686,2.13083,2.13151,1.00,1.00
2016.03.15 12:05:56.787,2.13083,2.13149,1.00,1.00
2016.03.15 12:05:56.889,2.13074,2.13146,1.00,1.00
2016.03.15 12:05:57.398,2.13073,2.13146,1.00,1.00
2016.03.15 12:05:57.942,2.13083,2.13146,1.00,1.00
2016.03.15 12:05:58.464,2.13083,2.13147,1.00,1.50
2016.03.15 12:05:58.961,2.13083,2.13147,1.00,1.87
2016.03.15 12:06:00.154,2.13083,2.13154,1.00,1.87
2016.03.15 12:06:00.205,2.13083,2.13153,1.00,1.00
2016.03.15 12:06:00.407,2.13094,2.13153,1.00,1.12
2016.03.15 12:06:00.961,2.13093,2.13153,1.00,1.12
2016.03.15 12:06:01.113,2.13093,2.13161,1.00,1.12
2016.03.15 12:06:01.641,2.13093,2.1316,1.00,1.00
2016.03.15 12:06:01.742,2.13093,2.13162,1.00,1.87
2016.03.15 12:06:02.483,2.13094,2.13166,1.00,1.75
2016.03.15 12:06:02.585,2.13114,2.13167,1.00,1.00
2016.03.15 12:06:03.001,2.13104,2.13168,1.00,1.00
2016.03.15 12:06:03.331,2.13113,2.13168,1.00,1.00
2016.03.15 12:06:03.736,2.13113,2.13175,1.00,1.50
2016.03.15 12:06:04.891,2.13114,2.13175,1.00,1.50
2016.03.15 12:06:05.092,2.13104,2.13175,1.00,1.50
2016.03.15 12:06:05.337,2.13114,2.1317,1.00,1.00
2016.03.15 12:06:05.506,2.13103,2.13168,1.00,1.00
2016.03.15 12:06:05.607,2.13103,2.13172,1.00,1.12
2016.03.15 12:06:06.453,2.13103,2.13164,1.00,1.00
2016.03.15 12:06:06.554,2.13094,2.13162,1.00,1.00
2016.03.15 12:06:06.767,2.13094,2.13164,1.00,1.12
2016.03.15 12:06:07.120,2.13104,2.13164,1.00,1.12
2016.03.15 12:06:10.303,2.13094,2.13166,1.00,1.75
2016.03.15 12:06:10.619,2.13093,2.13157,1.00,1.00
2016.03.15 12:06:10.821,2.13094,2.13164,1.00,1.12
2016.03.15 12:06:11.119,2.13094,2.13161,1.00,1.00
2016.03.15 12:06:11.367,2.13083,2.13156,1.00,1.50
2016.03.15 12:06:12.226,2.13083,2.13153,1.00,1.00
2016.03.15 12:06:12.499,2.13093,2.13155,1.00,1.37
2016.03.15 12:06:12.902,2.13104,2.13155,1.00,1.37
2016.03.15 12:06:13.456,2.13094,2.13155,1.00,1.37
2016.03.15 12:06:13.922,2.13104,2.13156,1.00,1.50
2016.03.15 12:06:15.651,2.13094,2.13165,1.00,1.75
2016.03.15 12:06:15.802,2.13094,2.13163,1.00,1.00
2016.03.15 12:06:15.853,2.13094,2.13166,1.00,1.00
2016.03.15 12:06:15.904,2.13103,2.13167,1.00,1.00
2016.03.15 12:06:16.005,2.13103,2.13173,1.00,1.75
2016.03.15 12:06:16.206,2.13113,2.13177,1.00,1.00
2016.03.15 12:06:16.318,2.13103,2.13177,1.00,1.00
2016.03.15 12:06:18.500,2.13103,2.13177,1.00,1.37
2016.03.15 12:06:18.803,2.13104,2.13176,1.00,1.75
2016.03.15 12:06:21.482,2.13103,2.13177,1.00,1.75
2016.03.15 12:06:22.064,2.13093,2.13167,1.00,1.00
2016.03.15 12:06:22.266,2.13103,2.13167,1.00,1.00
2016.03.15 12:06:22.618,2.13113,2.13177,1.00,2.25
2016.03.15 12:06:22.719,2.13114,2.13176,1.00,1.00
2016.03.15 12:06:22.921,2.13114,2.13186,1.00,1.37
2016.03.15 12:06:23.080,2.13123,2.13193,1.00,1.71
2016.03.15 12:06:23.591,2.13123,2.13187,1.00,1.00
2016.03.15 12:06:24.315,2.13123,2.13196,1.00,1.09
2016.03.15 12:06:24.467,2.13134,2.13196,1.00,1.84
2016.03.15 12:06:24.820,2.13124,2.13192,1.00,1.09
2016.03.15 12:06:25.223,2.13134,2.13198,1.00,1.09
2016.03.15 12:06:25.576,2.13123,2.13197,1.50,1.34
2016.03.15 12:06:25.791,2.13133,2.13199,1.00,1.34
2016.03.15 12:06:26.660,2.13134,2.132,1.00,1.34
2016.03.15 12:06:27.341,2.13133,2.132,1.00,1.34
2016.03.15 12:06:27.644,2.13144,2.132,1.00,1.34
2016.03.15 12:06:28.149,2.13143,2.13201,1.00,1.34
2016.03.15 12:06:29.115,2.13134,2.13201,1.00,1.34
2016.03.15 12:06:29.531,2.13143,2.13201,1.00,1.34
2016.03.15 12:06:31.073,2.13138,2.13204,1.00,1.84
2016.03.15 12:06:31.174,2.13136,2.13204,1.00,1.84
2016.03.15 12:06:31.762,2.13135,2.13204,1.00,1.84
2016.03.15 12:06:32.673,2.13137,2.13204,1.00,1.84
2016.03.15 12:06:34.865,2.13133,2.13201,1.50,1.34
2016.03.15 12:06:35.369,2.13134,2.13201,1.00,1.34
2016.03.15 12:06:38.551,2.13126,2.13196,1.00,1.34
2016.03.15 12:06:38.602,2.13124,2.13196,1.12,1.34
2016.03.15 12:06:39.081,2.13134,2.13196,1.00,1.34
2016.03.15 12:06:39.203,2.13124,2.13196,1.12,1.34
2016.03.15 12:06:39.335,2.13126,2.13196,1.00,1.34
2016.03.15 12:06:39.636,2.13123,2.13197,1.50,1.34
2016.03.15 12:06:39.788,2.13134,2.13196,1.00,1.34
2016.03.15 12:06:40.327,2.13133,2.13201,1.00,1.34
2016.03.15 12:06:41.006,2.13134,2.13196,1.00,1.34
2016.03.15 12:06:41.580,2.13133,2.13201,1.00,1.34
2016.03.15 12:06:41.950,2.13126,2.13196,1.00,1.34
2016.03.15 12:06:42.052,2.13134,2.13196,1.00,1.34
2016.03.15 12:06:42.561,2.13133,2.13201,1.00,1.34
2016.03.15 12:06:43.295,2.13134,2.132,1.00,1.34
2016.03.15 12:06:43.843,2.13133,2.13197,1.00,1.34
2016.03.15 12:06:44.035,2.13123,2.13197,1.50,1.34
2016.03.15 12:06:45.291,2.13124,2.13196,1.50,1.34
2016.03.15 12:06:47.426,2.13134,2.13196,1.00,1.34
2016.03.15 12:06:48.672,2.13124,2.13196,1.50,1.34
2016.03.15 12:06:48.874,2.13124,2.13196,1.00,1.34
2016.03.15 12:06:50.832,2.13124,2.13182,1.00,1.84
2016.03.15 12:06:50.982,2.13113,2.13182,1.00,1.84
2016.03.15 12:06:51.836,2.13113,2.13186,1.00,1.46
2016.03.15 12:06:52.611,2.13114,2.13185,1.00,1.34
2016.03.15 12:06:54.371,2.13107,2.13177,1.00,1.34
2016.03.15 12:06:54.472,2.13103,2.13177,1.00,1.34
2016.03.15 12:06:54.522,2.13103,2.13171,1.00,1.84
2016.03.15 12:06:54.724,2.13094,2.13167,1.00,1.34
2016.03.15 12:06:54.825,2.13093,2.13167,1.50,1.34
2016.03.15 12:06:55.117,2.13097,2.13167,1.00,1.34
2016.03.15 12:06:55.419,2.13104,2.13174,1.00,1.84
2016.03.15 12:06:55.570,2.13104,2.13176,1.00,1.71
2016.03.15 12:06:59.591,2.13113,2.13177,1.00,1.84
2016.03.15 12:07:00.095,2.1311,2.13176,1.00,1.34
2016.03.15 12:07:00.246,2.13114,2.13176,1.00,1.34
2016.03.15 12:07:00.448,2.13101,2.13167,1.75,1.00
2016.03.15 12:07:00.552,2.13103,2.13166,1.37,1.34
2016.03.15 12:07:00.603,2.13103,2.13166,1.37,1.34
2016.03.15 12:07:00.704,2.13103,2.13166,1.00,1.34
2016.03.15 12:07:00.755,2.13099,2.13166,1.00,1.84
2016.03.15 12:07:00.856,2.13103,2.13166,1.00,1.00
2016.03.15 12:07:01.007,2.13104,2.13176,1.50,1.00
2016.03.15 12:07:01.158,2.13106,2.13176,1.00,1.00
2016.03.15 12:07:01.651,2.13108,2.13177,1.00,1.00
2016.03.15 12:07:01.989,2.13114,2.13176,1.00,1.00
2016.03.15 12:07:02.843,2.13114,2.13186,1.00,1.34
2016.03.15 12:07:03.096,2.13113,2.13177,1.00,1.00
2016.03.15 12:07:03.328,2.13108,2.13177,1.00,1.00
2016.03.15 12:07:04.148,2.13105,2.13177,1.12,1.00
2016.03.15 12:07:04.249,2.13109,2.13177,1.00,1.00
2016.03.15 12:07:04.428,2.13104,2.13177,1.37,1.00
2016.03.15 12:07:04.530,2.13103,2.13177,1.00,1.00
2016.03.15 12:07:05.052,2.13108,2.13177,1.00,1.00
2016.03.15 12:07:05.204,2.13103,2.13177,1.00,1.00
2016.03.15 12:07:05.255,2.13106,2.13176,1.00,1.00
2016.03.15 12:07:05.406,2.13104,2.13176,1.00,1.50
2016.03.15 12:07:06.057,2.13103,2.13176,1.00,1.00
2016.03.15 12:07:06.271,2.13096,2.13167,1.12,1.00
2016.03.15 12:07:06.659,2.13099,2.13166,1.00,1.00
2016.03.15 12:07:06.811,2.13103,2.13175,1.00,1.00
2016.03.15 12:07:07.131,2.13101,2.13167,1.12,1.00
2016.03.15 12:07:08.010,2.13103,2.13175,1.00,1.00
2016.03.15 12:07:08.262,2.13103,2.13167,1.00,1.00
2016.03.15 12:07:08.912,2.13103,2.13175,1.50,1.00
2016.03.15 12:07:09.063,2.13107,2.13177,1.00,1.00
2016.03.15 12:07:09.372,2.13104,2.13176,1.00,1.00
2016.03.15 12:07:09.473,2.13113,2.13177,1.00,1.00
2016.03.15 12:07:10.541,2.13103,2.13177,1.00,1.00
2016.03.15 12:07:10.970,2.13114,2.13176,1.00,1.00
2016.03.15 12:07:13.196,2.13114,2.13186,1.50,1.34
2016.03.15 12:07:13.247,2.13116,2.13186,1.00,1.00
2016.03.15 12:07:13.298,2.13123,2.13187,1.00,1.00
2016.03.15 12:07:14.877,2.13124,2.13186,1.00,1.00
2016.03.15 12:07:15.079,2.13124,2.13196,1.00,1.34
2016.03.15 12:07:15.676,2.13123,2.13197,1.00,1.46
2016.03.15 12:07:16.822,2.13124,2.13196,1.00,1.34
2016.03.15 12:07:16.944,2.13114,2.13186,1.00,1.00
2016.03.15 12:07:17.145,2.13103,2.13177,1.12,1.00
2016.03.15 12:07:17.398,2.13103,2.13173,1.00,1.00
2016.03.15 12:07:17.707,2.13098,2.13166,1.00,1.37
2016.03.15 12:07:17.909,2.13094,2.13167,1.00,2.25
2016.03.15 12:07:18.438,2.13093,2.13167,1.00,2.25
2016.03.15 12:07:18.660,2.13099,2.13166,1.00,1.37
2016.03.15 12:07:19.004,2.13104,2.13167,1.00,1.50
2016.03.15 12:07:19.305,2.13093,2.1316,1.00,1.75
2016.03.15 12:07:19.608,2.13099,2.13149,1.00,1.75
2016.03.15 12:07:19.865,2.13084,2.13149,1.00,1.75
2016.03.15 12:07:20.620,2.13084,2.13151,1.00,1.37
2016.03.15 12:07:20.721,2.13084,2.13151,1.50,1.00
2016.03.15 12:07:21.251,2.13085,2.13151,1.00,1.00
2016.03.15 12:07:22.530,2.13094,2.13151,1.00,1.00
2016.03.15 12:07:23.172,2.13094,2.13154,1.00,1.00
2016.03.15 12:07:23.323,2.13083,2.13153,1.00,1.00
2016.03.15 12:07:23.726,2.13083,2.13153,1.00,1.75
2016.03.15 12:07:24.541,2.13084,2.13149,1.00,1.75
2016.03.15 12:07:25.520,2.13074,2.13146,1.00,1.12
2016.03.15 12:07:25.761,2.13073,2.13137,1.50,1.00
2016.03.15 12:07:25.940,2.13074,2.13146,1.00,1.12
2016.03.15 12:07:27.811,2.13073,2.13147,1.00,1.37
2016.03.15 12:07:29.130,2.13074,2.13146,1.00,1.12
2016.03.15 12:07:29.680,2.13073,2.13147,1.00,1.37
2016.03.15 12:07:31.794,2.13073,2.13145,1.00,1.00
2016.03.15 12:07:31.895,2.13074,2.13136,1.00,1.00
2016.03.15 12:07:32.242,2.13073,2.13147,1.00,1.37
2016.03.15 12:07:32.544,2.13073,2.13137,1.00,1.00
2016.03.15 12:07:33.090,2.13073,2.13147,1.00,1.37
2016.03.15 12:07:34.428,2.13073,2.13137,1.00,1.00
2016.03.15 12:07:35.511,2.13073,2.13147,1.00,1.37
2016.03.15 12:07:40.513,2.13073,2.13137,1.00,1.00
2016.03.15 12:07:40.715,2.13064,2.1313,1.00,1.37
2016.03.15 12:07:40.868,2.13055,2.13127,1.00,1.00
2016.03.15 12:07:40.919,2.13055,2.13117,1.00,1.00
2016.03.15 12:07:40.970,2.13053,2.13117,1.00,1.00
2016.03.15 12:07:41.172,2.13043,2.13117,1.87,1.00
2016.03.15 12:07:41.323,2.13058,2.13117,1.00,1.00
2016.03.15 12:07:41.374,2.13058,2.13126,1.00,1.00
2016.03.15 12:07:41.425,2.13054,2.13126,1.00,1.00
2016.03.15 12:07:41.526,2.13063,2.13137,1.00,1.00
2016.03.15 12:07:41.576,2.13063,2.13137,1.00,1.75
2016.03.15 12:07:42.882,2.13074,2.13136,1.00,1.50
2016.03.15 12:07:42.983,2.13074,2.13136,1.00,1.00
2016.03.15 12:07:43.034,2.13073,2.13147,1.00,1.46
2016.03.15 12:07:43.458,2.13074,2.13136,1.00,1.00
2016.03.15 12:07:43.683,2.13074,2.13147,1.00,1.09
2016.03.15 12:07:43.986,2.13083,2.13147,1.00,1.09
2016.03.15 12:07:46.872,2.13079,2.13147,1.00,1.09
2016.03.15 12:07:47.400,2.13083,2.13147,1.00,1.09
2016.03.15 12:07:48.617,2.13094,2.13156,1.00,1.00
2016.03.15 12:07:48.971,2.13088,2.13157,1.00,1.00
2016.03.15 12:07:49.528,2.13094,2.13156,1.00,1.00
2016.03.15 12:07:50.360,2.13087,2.13156,1.00,1.00
2016.03.15 12:07:53.134,2.1309,2.13156,1.00,1.00
2016.03.15 12:07:53.710,2.13091,2.13157,1.00,1.00
2016.03.15 12:07:54.386,2.13093,2.13157,1.00,1.00
2016.03.15 12:07:54.436,2.13093,2.13166,1.50,1.34
2016.03.15 12:07:54.537,2.13093,2.13154,1.00,1.00
2016.03.15 12:07:54.790,2.13088,2.13153,1.00,1.00
2016.03.15 12:07:54.891,2.13088,2.13156,1.00,1.00
2016.03.15 12:07:55.199,2.13093,2.13157,1.00,1.00
2016.03.15 12:07:55.533,2.13096,2.13156,1.00,1.00
2016.03.15 12:07:55.584,2.13094,2.13156,1.00,1.00
2016.03.15 12:07:55.690,2.13091,2.13157,1.00,1.00
2016.03.15 12:07:56.260,2.1309,2.13156,1.00,1.00
2016.03.15 12:07:56.768,2.13089,2.13157,1.00,1.00
2016.03.15 12:07:57.465,2.1309,2.13157,1.00,1.00
2016.03.15 12:07:57.643,2.13092,2.13157,1.00,1.00
2016.03.15 12:07:57.945,2.13094,2.13163,1.00,1.34
2016.03.15 12:07:58.273,2.13094,2.13156,1.00,1.00
2016.03.15 12:07:58.676,2.13096,2.13156,1.00,1.00
2016.03.15 12:07:58.726,2.13096,2.13163,1.00,1.34
2016.03.15 12:07:59.180,2.13096,2.13156,1.00,1.00
2016.03.15 12:07:59.281,2.13094,2.13156,1.50,1.00
2016.03.15 12:07:59.785,2.13093,2.13157,1.50,1.00
2016.03.15 12:07:59.836,2.13094,2.13157,1.37,1.00
2016.03.15 12:08:00.038,2.13083,2.13157,1.00,1.00
2016.03.15 12:08:00.089,2.13079,2.13146,1.50,1.00
2016.03.15 12:08:00.400,2.13082,2.13146,1.00,1.00
2016.03.15 12:08:00.853,2.13084,2.13156,1.00,1.00
2016.03.15 12:08:02.074,2.13088,2.13156,1.00,1.00
2016.03.15 12:08:02.419,2.13093,2.13157,1.00,1.00
2016.03.15 12:08:02.470,2.13094,2.13166,1.50,1.00
2016.03.15 12:08:03.020,2.13093,2.13167,1.00,1.00
2016.03.15 12:08:03.592,2.13094,2.13166,1.00,1.00
2016.03.15 12:08:04.267,2.13093,2.13167,1.00,1.00
2016.03.15 12:08:05.021,2.13094,2.13166,1.00,1.50
2016.03.15 12:08:05.324,2.13094,2.13156,1.00,1.00
2016.03.15 12:08:05.475,2.13093,2.13167,1.00,1.75
2016.03.15 12:08:05.677,2.13093,2.13157,1.00,1.00
2016.03.15 12:08:06.431,2.13094,2.13166,1.00,1.50
2016.03.15 12:08:07.562,2.13093,2.13167,1.00,1.75
2016.03.15 12:08:08.768,2.13094,2.13156,1.00,1.00
2016.03.15 12:08:09.050,2.13094,2.13166,1.00,1.50
2016.03.15 12:08:10.049,2.13093,2.13167,1.00,1.75
2016.03.15 12:08:10.718,2.13093,2.13157,1.00,1.00
2016.03.15 12:08:11.720,2.13093,2.13167,1.00,1.75
2016.03.15 12:08:12.291,2.13083,2.13157,1.00,1.00
2016.03.15 12:08:12.393,2.13093,2.13157,1.00,1.00
2016.03.15 12:08:13.283,2.13093,2.13167,1.00,1.75
2016.03.15 12:08:13.817,2.13094,2.13166,1.00,1.50
2016.03.15 12:08:15.229,2.13094,2.13156,1.00,1.00
2016.03.15 12:08:15.562,2.13093,2.13167,1.00,1.75
2016.03.15 12:08:16.082,2.13094,2.13166,1.00,1.50
2016.03.15 12:08:16.438,2.13093,2.13157,1.00,1.00
2016.03.15 12:08:16.791,2.13094,2.13166,1.00,1.50
2016.03.15 12:08:16.942,2.13094,2.13166,1.00,1.00
2016.03.15 12:08:18.223,2.13093,2.13167,1.00,1.00
2016.03.15 12:08:18.771,2.13104,2.13166,1.00,1.00
2016.03.15 12:08:18.972,2.13104,2.13176,1.00,1.75
2016.03.15 12:08:19.212,2.13094,2.13166,1.00,1.00
2016.03.15 12:08:19.538,2.13103,2.13167,1.00,1.00
2016.03.15 12:08:19.739,2.13104,2.13176,1.00,1.75
2016.03.15 12:08:20.540,2.13103,2.13177,1.00,1.00
2016.03.15 12:08:21.937,2.13096,2.13167,1.00,1.00
2016.03.15 12:08:22.038,2.13093,2.13167,1.00,1.00
2016.03.15 12:08:22.089,2.13103,2.13167,1.00,1.00
2016.03.15 12:08:22.190,2.13094,2.13166,1.00,1.00
2016.03.15 12:08:22.594,2.13087,2.13157,1.37,1.00
2016.03.15 12:08:22.846,2.13094,2.13166,1.00,1.00
2016.03.15 12:08:23.089,2.13093,2.13157,1.00,1.00
2016.03.15 12:08:24.045,2.13084,2.13156,1.75,1.00
2016.03.15 12:08:24.247,2.13094,2.13156,1.00,1.00
2016.03.15 12:08:24.479,2.13093,2.13167,1.00,1.00
2016.03.15 12:08:24.682,2.13088,2.13157,1.12,1.00
2016.03.15 12:08:25.000,2.13103,2.13167,1.00,1.00
2016.03.15 12:08:25.051,2.13104,2.13176,1.00,1.75
2016.03.15 12:08:25.252,2.13093,2.13167,1.00,1.00
2016.03.15 12:08:25.693,2.13103,2.13167,1.00,1.00
2016.03.15 12:08:26.153,2.13104,2.13176,1.00,1.00
2016.03.15 12:08:26.809,2.13113,2.13177,1.00,1.00
2016.03.15 12:08:27.259,2.13113,2.13187,1.00,1.75
2016.03.15 12:08:27.763,2.13114,2.13186,1.00,1.75
2016.03.15 12:08:27.864,2.13114,2.13186,1.00,1.00
2016.03.15 12:08:28.368,2.13113,2.13187,1.00,1.00
2016.03.15 12:08:28.860,2.13123,2.13187,1.00,1.00
2016.03.15 12:08:30.862,2.13123,2.13197,1.00,1.75
2016.03.15 12:08:31.979,2.13124,2.13196,1.00,1.50
2016.03.15 12:08:32.531,2.13123,2.13197,1.00,1.75
2016.03.15 12:08:33.065,2.13124,2.13196,1.00,1.50
2016.03.15 12:08:34.283,2.13113,2.13187,1.00,1.00
2016.03.15 12:08:34.384,2.13123,2.13187,1.00,1.00
2016.03.15 12:08:35.021,2.13124,2.13196,1.00,1.50
2016.03.15 12:08:36.477,2.13113,2.13187,1.00,1.37
2016.03.15 12:08:36.579,2.13104,2.13176,1.00,1.00
2016.03.15 12:08:36.937,2.13104,2.13166,1.00,1.00
2016.03.15 12:08:37.139,2.13094,2.13166,1.00,1.00
2016.03.15 12:08:37.441,2.13084,2.13157,1.75,1.00
2016.03.15 12:08:37.909,2.13093,2.13167,1.00,1.00
2016.03.15 12:08:38.584,2.13094,2.13166,1.00,1.00
2016.03.15 12:08:38.785,2.13103,2.13167,1.00,1.00
2016.03.15 12:08:39.137,2.13094,2.13166,1.00,1.00
2016.03.15 12:08:39.380,2.13094,2.13166,1.37,1.00
2016.03.15 12:08:39.683,2.13134,2.132,1.00,1.00
2016.03.15 12:08:40.197,2.13134,2.13205,1.00,1.75
2016.03.15 12:08:40.553,2.13124,2.13196,1.00,1.00
2016.03.15 12:08:40.787,2.13143,2.13207,1.00,1.75
2016.03.15 12:08:40.989,2.13144,2.13215,1.00,1.00
2016.03.15 12:08:41.278,2.13144,2.13213,1.00,1.00
2016.03.15 12:08:41.509,2.13133,2.13207,1.00,1.00
2016.03.15 12:08:41.737,2.13133,2.13197,1.00,1.00
2016.03.15 12:08:42.218,2.13123,2.13197,1.50,1.00
2016.03.15 12:08:42.320,2.13133,2.13197,1.00,1.00
2016.03.15 12:08:42.521,2.13123,2.13197,1.50,1.00
2016.03.15 12:08:43.026,2.13124,2.13196,1.00,1.00
2016.03.15 12:08:43.392,2.13133,2.13197,1.00,1.00
2016.03.15 12:08:43.492,2.13134,2.13206,1.00,1.50
2016.03.15 12:08:44.046,2.13134,2.13196,1.00,1.00
2016.03.15 12:08:44.748,2.13134,2.13206,1.00,1.00
2016.03.15 12:08:46.247,2.13143,2.13207,1.00,1.87
2016.03.15 12:08:46.399,2.13144,2.13216,1.00,1.00
2016.03.15 12:08:46.802,2.13154,2.13224,1.00,1.75
2016.03.15 12:08:46.902,2.13154,2.13226,1.00,1.00
2016.03.15 12:08:48.152,2.13153,2.13227,1.00,1.12
2016.03.15 12:08:48.370,2.13164,2.13228,1.00,1.37
2016.03.15 12:08:48.517,2.13164,2.13229,1.00,1.00
2016.03.15 12:08:48.618,2.13164,2.13236,1.00,1.00
2016.03.15 12:08:48.669,2.13154,2.13226,1.00,1.00
2016.03.15 12:08:48.980,2.13164,2.13236,1.00,1.00
2016.03.15 12:08:49.505,2.13163,2.13237,1.00,1.00
2016.03.15 12:08:49.834,2.13184,2.1324,1.00,1.00
2016.03.15 12:08:50.008,2.13184,2.1325,1.00,1.00
2016.03.15 12:08:50.209,2.13184,2.13252,1.00,1.12
2016.03.15 12:08:51.190,2.13183,2.13247,1.00,1.00
2016.03.15 12:08:51.629,2.13184,2.13253,1.00,1.71
2016.03.15 12:08:51.739,2.13173,2.13247,1.00,1.00
2016.03.15 12:08:51.991,2.13183,2.13253,1.00,1.71
2016.03.15 12:08:57.386,2.13184,2.13256,1.00,1.34
2016.03.15 12:08:57.720,2.13194,2.13256,1.00,1.34
2016.03.15 12:08:59.334,2.13204,2.1327,1.00,1.84
2016.03.15 12:08:59.435,2.13204,2.13276,1.00,1.76
2016.03.15 12:09:00.141,2.13203,2.13275,1.00,1.00
2016.03.15 12:09:00.242,2.13213,2.13283,1.00,1.75
2016.03.15 12:09:00.507,2.13213,2.13285,1.00,1.37
2016.03.15 12:09:00.608,2.13213,2.13286,1.00,1.12
2016.03.15 12:09:00.659,2.13213,2.13277,1.00,1.00
2016.03.15 12:09:00.760,2.13203,2.13277,1.00,1.37
2016.03.15 12:09:01.265,2.13204,2.13276,1.00,1.87
2016.03.15 12:09:01.910,2.13204,2.13274,1.00,1.00
2016.03.15 12:09:02.111,2.13193,2.13267,1.00,1.12
2016.03.15 12:09:02.802,2.13194,2.13266,1.00,1.00
2016.03.15 12:09:02.852,2.13204,2.13273,1.00,1.75
2016.03.15 12:09:05.430,2.13204,2.13276,1.00,1.37
2016.03.15 12:09:05.481,2.13204,2.13276,1.00,1.00
2016.03.15 12:09:07.292,2.1321,2.13276,1.00,1.00
2016.03.15 12:09:08.019,2.13214,2.13276,1.00,1.00
2016.03.15 12:09:09.155,2.1321,2.13277,1.00,1.12
2016.03.15 12:09:10.111,2.13209,2.13277,1.00,1.12
2016.03.15 12:09:12.019,2.13209,2.13277,1.00,1.46
2016.03.15 12:09:12.120,2.13204,2.13271,1.00,1.00
2016.03.15 12:09:12.271,2.13204,2.13271,1.00,1.75
2016.03.15 12:09:12.322,2.13193,2.13266,1.00,1.00
2016.03.15 12:09:12.725,2.13202,2.13266,1.00,1.00
2016.03.15 12:09:12.993,2.13224,2.13293,1.00,1.50
2016.03.15 12:09:13.096,2.13233,2.13299,1.00,1.50
2016.03.15 12:09:13.146,2.13233,2.13301,1.00,1.00
2016.03.15 12:09:13.197,2.13223,2.13297,1.00,1.00
2016.03.15 12:09:13.349,2.13243,2.13309,1.00,1.75
2016.03.15 12:09:13.559,2.13233,2.13307,1.50,1.50
2016.03.15 12:09:13.660,2.13243,2.13309,1.00,1.37
2016.03.15 12:09:13.710,2.13243,2.13316,1.00,1.12
2016.03.15 12:09:14.228,2.13244,2.13316,1.00,1.12
2016.03.15 12:09:14.330,2.13246,2.13317,1.00,1.00
2016.03.15 12:09:14.932,2.13243,2.13317,1.00,1.00
2016.03.15 12:09:17.041,2.13244,2.13316,1.00,1.00
2016.03.15 12:09:17.293,2.13233,2.13307,1.00,1.00
2016.03.15 12:09:20.119,2.13243,2.13317,1.00,1.75
2016.03.15 12:09:20.455,2.13233,2.13307,1.00,1.00
2016.03.15 12:09:20.921,2.13244,2.13316,1.00,1.50
2016.03.15 12:09:21.824,2.13244,2.13316,1.00,1.84
2016.03.15 12:09:21.924,2.13234,2.13306,1.00,1.00
2016.03.15 12:09:23.975,2.13234,2.13304,1.00,1.00
2016.03.15 12:09:24.076,2.13234,2.13306,1.00,1.00
2016.03.15 12:09:24.127,2.13233,2.13297,1.00,1.00
2016.03.15 12:09:24.228,2.13233,2.13304,1.00,1.00
2016.03.15 12:09:24.772,2.13233,2.13307,1.00,1.37
2016.03.15 12:09:24.873,2.13234,2.13296,1.00,1.00
2016.03.15 12:09:25.080,2.13234,2.13306,1.00,1.00
2016.03.15 12:09:25.182,2.13233,2.13304,1.00,1.00
2016.03.15 12:09:26.183,2.13224,2.13296,1.75,1.00
2016.03.15 12:09:26.385,2.13224,2.13296,1.37,1.00
2016.03.15 12:09:26.436,2.13223,2.13297,1.00,1.00
2016.03.15 12:09:26.537,2.13234,2.13296,1.00,1.00
2016.03.15 12:09:26.739,2.13224,2.13296,1.00,1.00
2016.03.15 12:09:26.890,2.13224,2.13296,1.37,1.00
2016.03.15 12:09:26.941,2.13233,2.13307,1.00,1.34
2016.03.15 12:09:29.520,2.13233,2.13307,1.00,1.00
2016.03.15 12:09:29.827,2.13243,2.13307,1.00,1.00
2016.03.15 12:09:30.019,2.13244,2.13316,1.00,1.37
2016.03.15 12:09:30.153,2.13243,2.13307,1.00,1.00
2016.03.15 12:09:30.355,2.13234,2.13306,1.00,1.00
2016.03.15 12:09:30.690,2.13223,2.13297,1.75,1.00
2016.03.15 12:09:30.740,2.13223,2.13297,1.00,1.00
2016.03.15 12:09:31.244,2.13234,2.13306,1.00,1.37
2016.03.15 12:09:31.780,2.13233,2.13307,1.00,1.37
2016.03.15 12:09:32.347,2.13233,2.13307,1.00,1.00
2016.03.15 12:09:32.549,2.13243,2.13316,1.00,1.71
2016.03.15 12:09:33.065,2.13244,2.13316,1.00,1.71
2016.03.15 12:09:33.429,2.13234,2.13306,1.00,1.00
2016.03.15 12:09:33.580,2.13233,2.13297,1.00,1.00
2016.03.15 12:09:33.681,2.13223,2.13297,1.75,1.00
2016.03.15 12:09:33.833,2.13223,2.13297,1.00,1.00
2016.03.15 12:09:33.990,2.13233,2.13307,1.00,1.75
2016.03.15 12:09:34.265,2.13224,2.13296,1.00,1.00
2016.03.15 12:09:34.870,2.13233,2.13307,1.00,1.75
2016.03.15 12:09:35.250,2.13233,2.13307,1.00,1.00
2016.03.15 12:09:35.452,2.13243,2.13314,1.00,2.59
2016.03.15 12:09:35.755,2.13253,2.13317,1.00,1.34
2016.03.15 12:09:36.264,2.13253,2.13317,1.00,1.00
2016.03.15 12:09:36.315,2.13264,2.13323,1.00,1.00
2016.03.15 12:09:36.416,2.13264,2.13334,1.00,2.25
2016.03.15 12:09:36.718,2.13264,2.13328,1.00,1.37
2016.03.15 12:09:36.769,2.13254,2.13326,1.37,1.87
2016.03.15 12:09:36.820,2.13254,2.13326,1.00,1.87
2016.03.15 12:09:36.974,2.13254,2.13316,1.00,1.00
2016.03.15 12:09:37.759,2.13244,2.13316,1.00,1.00
2016.03.15 12:09:38.302,2.13243,2.13317,1.00,1.00
2016.03.15 12:09:39.066,2.13244,2.13316,1.00,1.00
2016.03.15 12:09:39.922,2.13253,2.13317,1.00,1.00
2016.03.15 12:09:40.946,2.13254,2.13322,1.00,1.00
2016.03.15 12:09:41.097,2.13253,2.13324,1.00,1.00
2016.03.15 12:09:41.500,2.13254,2.13315,1.00,1.00
2016.03.15 12:09:41.601,2.13244,2.13315,1.00,1.00
2016.03.15 12:09:41.652,2.13244,2.13315,1.00,1.37
2016.03.15 12:09:41.858,2.13233,2.13307,1.00,1.00
2016.03.15 12:09:41.909,2.13223,2.13297,1.75,1.00
2016.03.15 12:09:42.010,2.13234,2.13306,1.00,1.00
2016.03.15 12:09:43.343,2.13234,2.13306,1.75,1.00
2016.03.15 12:09:43.645,2.13244,2.13306,1.00,1.00
2016.03.15 12:09:43.796,2.13243,2.13317,1.00,1.00
2016.03.15 12:09:44.361,2.13244,2.13316,1.00,1.00
2016.03.15 12:09:44.518,2.13244,2.13306,1.00,1.00
2016.03.15 12:09:44.569,2.13234,2.13306,1.75,1.00
2016.03.15 12:09:44.771,2.13243,2.13307,1.00,1.00
2016.03.15 12:09:45.000,2.13243,2.13317,1.00,1.00
2016.03.15 12:09:45.202,2.13243,2.13307,1.00,1.00
2016.03.15 12:09:45.353,2.13244,2.13316,1.00,1.00
2016.03.15 12:09:45.454,2.13244,2.13316,1.75,1.00
2016.03.15 12:09:45.555,2.13254,2.13326,1.00,1.00
2016.03.15 12:09:46.076,2.13253,2.13327,1.00,1.00
2016.03.15 12:09:46.909,2.13253,2.13317,1.00,1.00
2016.03.15 12:09:46.960,2.13244,2.13316,1.75,1.00
2016.03.15 12:09:47.061,2.13244,2.13316,1.00,1.00
2016.03.15 12:09:47.287,2.13244,2.13306,1.00,1.00
2016.03.15 12:09:51.942,2.13243,2.13317,1.00,1.00
2016.03.15 12:09:52.143,2.13244,2.13306,1.00,1.00
2016.03.15 12:09:53.023,2.13234,2.13306,1.75,1.00
2016.03.15 12:09:53.074,2.13234,2.13306,1.00,1.00
2016.03.15 12:09:53.124,2.13233,2.13297,1.00,1.00
2016.03.15 12:09:53.276,2.13224,2.13296,1.00,1.00
2016.03.15 12:09:53.668,2.13233,2.13297,1.00,1.00
2016.03.15 12:09:53.823,2.13223,2.13297,1.12,1.00
2016.03.15 12:09:55.449,2.13233,2.13297,1.00,1.00
2016.03.15 12:09:57.849,2.13224,2.13296,1.00,1.00
2016.03.15 12:09:58.004,2.13228,2.13296,1.00,1.00
2016.03.15 12:09:58.105,2.13224,2.13296,1.00,1.00
2016.03.15 12:09:58.981,2.13223,2.13297,1.00,1.00
2016.03.15 12:10:00.281,2.13224,2.13296,1.00,1.00
2016.03.15 12:10:00.383,2.13233,2.13303,1.00,1.87
2016.03.15 12:10:00.481,2.13233,2.13303,1.00,1.12
2016.03.15 12:10:00.632,2.13234,2.13296,1.00,1.00
2016.03.15 12:10:00.734,2.13233,2.13307,1.00,1.00
2016.03.15 12:10:01.187,2.13233,2.13297,1.00,1.00
2016.03.15 12:10:01.389,2.13234,2.13306,1.00,1.00
2016.03.15 12:10:01.490,2.13233,2.13297,1.00,1.00
2016.03.15 12:10:01.808,2.13233,2.13307,1.00,1.00
2016.03.15 12:10:02.365,2.13224,2.13296,1.00,1.00
2016.03.15 12:10:02.672,2.13233,2.13297,1.00,1.12
2016.03.15 12:10:02.722,2.13224,2.13296,1.00,1.00
2016.03.15 12:10:03.725,2.13223,2.13297,1.00,1.12
2016.03.15 12:10:04.232,2.13224,2.13296,1.00,1.00
2016.03.15 12:10:04.960,2.13223,2.13297,1.00,1.12
2016.03.15 12:10:05.507,2.13224,2.13296,1.00,1.00
2016.03.15 12:10:06.035,2.13223,2.13297,1.00,1.12
2016.03.15 12:10:06.360,2.13213,2.13287,1.00,1.00
2016.03.15 12:10:06.701,2.13213,2.13287,1.00,1.75
2016.03.15 12:10:07.130,2.13213,2.13287,1.00,1.00
2016.03.15 12:10:07.703,2.13214,2.13286,1.00,1.00
2016.03.15 12:10:09.330,2.13223,2.13287,1.00,1.00
2016.03.15 12:10:11.390,2.13214,2.13286,1.00,1.00
2016.03.15 12:10:13.839,2.13223,2.13287,1.00,1.00
2016.03.15 12:10:14.042,2.13234,2.13302,1.00,1.00
2016.03.15 12:10:14.243,2.13234,2.13306,1.00,1.00
2016.03.15 12:10:15.485,2.13233,2.13307,1.00,1.00
2016.03.15 12:10:16.042,2.13234,2.13306,1.00,1.00
2016.03.15 12:10:17.325,2.13233,2.13307,1.00,1.00
2016.03.15 12:10:17.376,2.13233,2.13304,1.00,1.00
2016.03.15 12:10:17.743,2.13223,2.13297,1.75,1.00
2016.03.15 12:10:18.447,2.13233,2.13307,1.00,1.34
2016.03.15 12:10:19.101,2.13233,2.13297,1.00,1.00
2016.03.15 12:10:19.454,2.13223,2.13297,1.00,1.00
2016.03.15 12:10:22.063,2.13223,2.13293,1.00,1.00
2016.03.15 12:10:22.676,2.13223,2.13297,1.00,1.00
2016.03.15 12:10:25.772,2.13223,2.13293,1.00,1.00
2016.03.15 12:10:26.105,2.13214,2.13286,1.75,1.00
2016.03.15 12:10:26.966,2.13219,2.13286,1.00,1.00
2016.03.15 12:10:27.067,2.13214,2.13286,1.75,1.00
2016.03.15 12:10:27.340,2.13224,2.13286,1.00,1.00
2016.03.15 12:10:29.109,2.13223,2.13297,1.00,1.00
2016.03.15 12:10:29.427,2.13233,2.13297,1.00,1.00
2016.03.15 12:10:31.557,2.13234,2.13306,1.00,1.84
2016.03.15 12:10:31.745,2.13226,2.13296,1.37,1.00
2016.03.15 12:10:35.284,2.13225,2.13297,1.50,1.00
2016.03.15 12:10:39.582,2.13227,2.13296,1.12,1.00
2016.03.15 12:10:41.752,2.13227,2.13297,1.12,1.00
2016.03.15 12:10:42.966,2.13224,2.13296,1.75,1.00
2016.03.15 12:10:47.348,2.13223,2.13297,1.75,1.00
2016.03.15 12:10:47.500,2.13223,2.13297,1.00,1.00
2016.03.15 12:10:48.303,2.13223,2.13297,1.75,1.00
2016.03.15 12:10:51.247,2.13224,2.13296,1.75,1.00
2016.03.15 12:10:51.749,2.13231,2.13297,1.37,1.00
2016.03.15 12:10:58.387,2.13224,2.13296,2.25,1.00
2016.03.15 12:11:02.984,2.13224,2.13297,1.75,1.00
2016.03.15 12:11:03.444,2.13224,2.13296,2.25,1.00
2016.03.15 12:11:07.388,2.13223,2.13297,1.75,1.00
2016.03.15 12:11:07.590,2.13224,2.13286,1.75,1.00
2016.03.15 12:11:08.105,2.13219,2.13287,1.75,1.00
2016.03.15 12:11:10.228,2.13223,2.13297,1.75,1.00
2016.03.15 12:11:11.883,2.13224,2.13296,1.75,1.00
2016.03.15 12:11:11.984,2.13231,2.13296,1.00,1.00
2016.03.15 12:11:12.034,2.13233,2.13307,1.37,1.00
2016.03.15 12:11:12.085,2.13238,2.13307,1.75,1.00
2016.03.15 12:11:12.237,2.13244,2.13316,1.00,1.00
2016.03.15 12:11:12.338,2.13253,2.13327,1.00,1.37
2016.03.15 12:11:13.399,2.13253,2.13327,1.00,1.00
2016.03.15 12:11:13.450,2.13244,2.13317,1.75,1.00
2016.03.15 12:11:13.601,2.13243,2.13317,1.00,1.00
2016.03.15 12:11:14.105,2.13244,2.13306,1.00,1.00
2016.03.15 12:11:14.306,2.13238,2.13307,1.75,1.00
2016.03.15 12:11:15.769,2.13244,2.13306,1.00,1.00
2016.03.15 12:11:16.106,2.1324,2.13307,1.37,1.00
2016.03.15 12:11:16.308,2.1324,2.13296,1.37,1.00
2016.03.15 12:11:16.511,2.13232,2.13296,1.37,1.00
2016.03.15 12:11:17.015,2.13233,2.13297,1.12,1.00
2016.03.15 12:11:17.267,2.13234,2.13306,1.00,1.00
2016.03.15 12:11:17.379,2.13234,2.13296,1.00,1.00
2016.03.15 12:11:18.379,2.13233,2.13307,1.12,1.00
2016.03.15 12:11:20.639,2.13234,2.13306,1.00,1.00
2016.03.15 12:11:24.538,2.13234,2.13296,1.00,1.00
2016.03.15 12:11:25.042,2.13231,2.13297,1.50,1.00
2016.03.15 12:11:26.079,2.13231,2.13296,1.50,1.00
2016.03.15 12:11:26.389,2.13231,2.13286,1.00,1.00
2016.03.15 12:11:26.440,2.13231,2.13297,1.00,1.00
2016.03.15 12:11:26.743,2.13231,2.13286,1.00,1.00
2016.03.15 12:11:26.793,2.13219,2.13286,1.75,1.00
2016.03.15 12:11:26.947,2.1322,2.13283,1.50,1.84
2016.03.15 12:11:27.149,2.13219,2.13267,1.00,1.00
2016.03.15 12:11:27.351,2.1322,2.13276,1.00,1.00
2016.03.15 12:11:27.571,2.13203,2.13277,1.00,1.00
2016.03.15 12:11:31.160,2.13204,2.13276,1.00,1.00
2016.03.15 12:11:31.712,2.13193,2.13267,1.75,1.00
2016.03.15 12:11:32.818,2.13203,2.13277,1.00,1.34
2016.03.15 12:11:33.154,2.13194,2.13266,1.75,1.00
2016.03.15 12:11:33.672,2.13193,2.13267,1.75,1.00
2016.03.15 12:11:34.220,2.13203,2.13277,1.00,1.34
2016.03.15 12:11:34.463,2.13194,2.13266,1.75,1.00
2016.03.15 12:11:34.766,2.13194,2.13256,1.00,1.00
2016.03.15 12:11:34.868,2.13193,2.13267,1.00,1.00
2016.03.15 12:11:35.031,2.13193,2.13267,1.75,1.00
2016.03.15 12:11:36.137,2.13193,2.13267,1.00,1.00
2016.03.15 12:11:36.849,2.13193,2.13257,1.00,1.00
2016.03.15 12:11:37.067,2.13193,2.13267,1.00,1.00
2016.03.15 12:11:38.356,2.13193,2.13267,1.75,1.00
2016.03.15 12:11:41.719,2.13193,2.13257,1.75,1.00
2016.03.15 12:11:41.971,2.13189,2.13257,1.00,1.09
2016.03.15 12:11:42.022,2.13189,2.13246,1.00,1.00
2016.03.15 12:11:42.281,2.13188,2.13256,1.00,1.00
2016.03.15 12:11:42.870,2.13184,2.13256,1.75,1.00
2016.03.15 12:11:42.921,2.13194,2.13256,1.00,1.00
2016.03.15 12:11:43.123,2.13184,2.13256,1.75,1.00
2016.03.15 12:11:43.231,2.13191,2.13256,1.00,1.00
2016.03.15 12:11:43.534,2.13193,2.13257,1.00,1.09
2016.03.15 12:11:44.123,2.13194,2.13266,1.00,1.34
2016.03.15 12:11:44.224,2.13194,2.13266,1.37,1.00
2016.03.15 12:11:44.426,2.13202,2.13266,1.00,1.00
2016.03.15 12:11:44.877,2.13204,2.13266,1.00,1.00
2016.03.15 12:11:45.123,2.13204,2.13276,1.00,1.34
2016.03.15 12:11:47.137,2.13204,2.13276,1.37,1.34
2016.03.15 12:11:48.000,2.13202,2.13266,1.75,1.00
2016.03.15 12:11:48.187,2.13202,2.13266,1.00,1.00
2016.03.15 12:11:48.490,2.13193,2.13267,1.75,1.00
2016.03.15 12:11:48.540,2.13194,2.13256,1.75,1.00
2016.03.15 12:11:48.849,2.13194,2.13266,1.75,1.00
2016.03.15 12:11:48.950,2.13204,2.13266,1.00,1.00
2016.03.15 12:11:49.057,2.13202,2.13266,1.00,1.00
2016.03.15 12:11:49.158,2.13194,2.13266,1.75,1.00
2016.03.15 12:11:49.790,2.13193,2.13267,1.75,1.00
2016.03.15 12:11:50.176,2.13193,2.13257,1.75,1.00
2016.03.15 12:11:53.505,2.13201,2.13267,1.00,1.00
2016.03.15 12:11:54.083,2.13202,2.13267,1.00,1.00
2016.03.15 12:11:55.766,2.13202,2.13266,1.00,1.00
2016.03.15 12:11:56.349,2.13202,2.13267,1.00,1.00
2016.03.15 12:11:57.777,2.13193,2.13267,1.75,1.00
2016.03.15 12:11:59.652,2.13201,2.13267,1.00,1.00
2016.03.15 12:12:00.164,2.13201,2.13266,1.00,1.00
2016.03.15 12:12:00.766,2.13202,2.13266,1.00,1.00
2016.03.15 12:12:05.013,2.13202,2.13267,1.00,1.00
2016.03.15 12:12:07.897,2.13201,2.13267,1.00,1.00
2016.03.15 12:12:08.253,2.13201,2.13267,1.00,1.34
2016.03.15 12:12:08.304,2.13193,2.13267,1.50,1.34
2016.03.15 12:12:08.355,2.13192,2.13256,1.12,1.00
2016.03.15 12:12:08.658,2.13201,2.13257,1.00,1.00
2016.03.15 12:12:08.860,2.13203,2.13277,1.50,1.00
2016.03.15 12:12:08.910,2.13203,2.13277,2.25,1.00
2016.03.15 12:12:09.642,2.13205,2.13276,1.75,1.00
2016.03.15 12:12:17.003,2.13204,2.13276,1.37,1.09
2016.03.15 12:12:17.154,2.13204,2.13267,1.37,1.00
2016.03.15 12:12:17.255,2.13207,2.13276,1.00,1.09
2016.03.15 12:12:17.306,2.13209,2.13276,1.75,1.09
2016.03.15 12:12:17.760,2.13208,2.13276,1.75,2.59
2016.03.15 12:12:17.990,2.13203,2.13266,1.37,1.34
2016.03.15 12:12:18.041,2.13203,2.13261,1.00,1.84
2016.03.15 12:12:18.096,2.13203,2.13262,1.00,1.34
2016.03.15 12:12:18.356,2.13202,2.13256,1.00,1.00
2016.03.15 12:12:18.557,2.13203,2.13266,1.00,1.00
2016.03.15 12:12:19.103,2.13202,2.13257,1.00,1.00
2016.03.15 12:12:19.604,2.13201,2.13257,1.00,1.00
2016.03.15 12:12:20.112,2.13202,2.13257,1.00,1.00
2016.03.15 12:12:20.314,2.13202,2.13267,1.00,1.00
2016.03.15 12:12:20.815,2.13201,2.13267,1.00,1.00
2016.03.15 12:12:22.063,2.13201,2.13266,1.00,1.00
2016.03.15 12:12:22.614,2.13202,2.13266,1.00,1.00
2016.03.15 12:12:22.990,2.13202,2.13266,1.37,1.00
2016.03.15 12:12:23.292,2.13203,2.13277,1.37,1.34
2016.03.15 12:12:23.970,2.13203,2.13267,1.37,1.00
2016.03.15 12:12:24.479,2.13204,2.13266,1.12,1.00
2016.03.15 12:12:24.981,2.13201,2.13267,1.75,1.00
2016.03.15 12:12:25.835,2.13202,2.13266,1.50,1.00
2016.03.15 12:12:26.138,2.13204,2.13276,1.12,1.34
2016.03.15 12:12:26.480,2.13202,2.13266,1.50,1.00
2016.03.15 12:12:26.531,2.13202,2.13266,1.00,1.00
2016.03.15 12:12:26.632,2.13194,2.13266,1.00,1.00
2016.03.15 12:12:26.747,2.13194,2.13256,1.00,1.00
2016.03.15 12:12:26.798,2.13192,2.13256,1.00,1.00
2016.03.15 12:12:26.849,2.1319,2.13256,1.00,1.00
2016.03.15 12:12:27.217,2.13191,2.13256,1.37,1.00
2016.03.15 12:12:27.268,2.13194,2.13266,1.75,1.00
2016.03.15 12:12:29.222,2.13204,2.13275,1.00,1.34
2016.03.15 12:12:29.733,2.13203,2.13276,1.00,1.34
2016.03.15 12:12:31.115,2.13203,2.13276,1.37,1.34
2016.03.15 12:12:31.619,2.13214,2.13276,1.00,1.84
2016.03.15 12:12:31.720,2.13213,2.13284,1.12,1.34
2016.03.15 12:12:32.248,2.13214,2.13286,1.00,1.34
2016.03.15 12:12:32.299,2.13214,2.13276,1.00,1.00
2016.03.15 12:12:32.601,2.13204,2.13266,1.00,1.34
2016.03.15 12:12:33.126,2.13203,2.13276,1.00,1.34
2016.03.15 12:12:34.926,2.13204,2.13266,1.00,1.34
2016.03.15 12:12:43.618,2.13202,2.13267,1.12,1.34
2016.03.15 12:12:43.819,2.13203,2.13264,1.00,1.34
2016.03.15 12:12:43.971,2.13186,2.13257,1.75,1.34
2016.03.15 12:12:46.725,2.13186,2.13247,1.75,1.00
2016.03.15 12:12:47.035,2.13185,2.13227,1.00,1.34
2016.03.15 12:12:47.725,2.13184,2.13236,1.00,2.59
2016.03.15 12:12:47.826,2.13184,2.13236,1.00,1.00
2016.03.15 12:12:48.028,2.13184,2.13247,1.00,1.34
2016.03.15 12:12:48.180,2.13174,2.13247,1.12,1.34
2016.03.15 12:12:48.237,2.13174,2.13237,1.12,1.00
2016.03.15 12:12:49.017,2.13174,2.13227,1.12,1.00
2016.03.15 12:12:49.169,2.13164,2.13226,1.12,1.34
2016.03.15 12:12:53.133,2.13154,2.13226,1.75,1.34
2016.03.15 12:12:54.538,2.13171,2.13226,1.00,1.34
2016.03.15 12:12:54.691,2.13164,2.13226,1.12,1.34
2016.03.15 12:12:54.891,2.13172,2.13226,1.00,1.34
2016.03.15 12:12:55.660,2.13171,2.13236,1.00,1.34
2016.03.15 12:12:56.393,2.13172,2.13236,1.00,1.34
2016.03.15 12:13:00.156,2.13171,2.13226,1.00,1.34
2016.03.15 12:13:00.885,2.13172,2.13226,1.00,1.34
2016.03.15 12:13:01.920,2.13162,2.13226,1.37,1.34
2016.03.15 12:13:02.021,2.13162,2.13227,1.00,1.34
2016.03.15 12:13:02.336,2.13162,2.13216,1.00,1.00
2016.03.15 12:13:02.689,2.13162,2.13226,1.00,1.84
2016.03.15 12:13:03.395,2.13161,2.13226,1.00,1.84
2016.03.15 12:13:03.906,2.13162,2.13226,1.00,1.84
2016.03.15 12:13:04.260,2.13154,2.13226,1.00,1.34
2016.03.15 12:13:04.361,2.13172,2.13226,1.00,1.34
2016.03.15 12:13:04.651,2.13163,2.13235,1.00,1.46
2016.03.15 12:13:05.256,2.13171,2.13227,1.00,1.34
2016.03.15 12:13:06.330,2.13164,2.13232,1.00,1.34
2016.03.15 12:13:06.431,2.13153,2.13227,1.75,1.34
2016.03.15 12:13:06.532,2.13153,2.13221,1.00,1.34
2016.03.15 12:13:07.036,2.13154,2.13226,1.00,1.34
2016.03.15 12:13:07.087,2.13163,2.13227,1.00,1.34
2016.03.15 12:13:07.269,2.13153,2.13217,1.00,1.00
2016.03.15 12:13:07.420,2.13161,2.13217,1.00,1.00
2016.03.15 12:13:07.723,2.13204,2.13266,1.00,1.00
2016.03.15 12:13:08.075,2.13202,2.13267,1.00,1.00
2016.03.15 12:13:08.126,2.13202,2.13267,1.00,1.71
2016.03.15 12:13:08.198,2.13193,2.13264,1.00,1.71
2016.03.15 12:13:08.299,2.13184,2.13256,1.37,1.09
2016.03.15 12:13:08.350,2.13184,2.13252,1.00,2.21
2016.03.15 12:13:08.401,2.13174,2.13246,1.37,1.34
2016.03.15 12:13:08.502,2.13171,2.13237,2.25,1.00
2016.03.15 12:13:08.603,2.13171,2.13237,1.37,1.00
2016.03.15 12:13:08.654,2.13163,2.13237,1.12,1.00
2016.03.15 12:13:09.271,2.13173,2.13237,1.00,1.00
2016.03.15 12:13:09.400,2.13173,2.13244,1.00,1.34
2016.03.15 12:13:09.551,2.13173,2.13236,1.00,1.84
2016.03.15 12:13:09.602,2.13171,2.13236,1.00,2.59
2016.03.15 12:13:09.753,2.13164,2.13226,1.00,1.34
2016.03.15 12:13:09.855,2.13171,2.13226,1.00,1.34
2016.03.15 12:13:10.358,2.13172,2.13231,1.00,1.09
2016.03.15 12:13:11.642,2.13171,2.13236,1.00,1.84
2016.03.15 12:13:13.051,2.13172,2.13236,1.00,2.59
2016.03.15 12:13:13.584,2.13164,2.13236,1.00,2.59
2016.03.15 12:13:14.687,2.13172,2.13236,1.00,2.59
2016.03.15 12:13:15.022,2.13164,2.13236,1.00,2.59
2016.03.15 12:13:15.578,2.13172,2.13236,1.00,2.59
2016.03.15 12:13:15.893,2.13161,2.13226,1.00,1.34
2016.03.15 12:13:15.994,2.13164,2.13226,1.00,1.34
2016.03.15 12:13:16.387,2.13172,2.13236,1.00,2.59
2016.03.15 12:13:16.765,2.13172,2.13236,1.00,1.09
2016.03.15 12:13:17.101,2.13173,2.13237,1.00,1.34
2016.03.15 12:13:17.403,2.13163,2.13226,1.75,1.84
2016.03.15 12:13:17.454,2.13163,2.13226,1.00,1.84
2016.03.15 12:13:17.555,2.13163,2.13234,1.00,1.84
2016.03.15 12:13:17.606,2.13174,2.13238,1.00,1.00
2016.03.15 12:13:17.707,2.13174,2.13242,1.00,1.37
2016.03.15 12:13:18.059,2.13174,2.13236,1.00,1.00
2016.03.15 12:13:18.160,2.13174,2.13244,1.00,1.84
2016.03.15 12:13:18.736,2.13173,2.13244,1.00,1.84
2016.03.15 12:13:18.944,2.13174,2.13236,1.00,1.00
2016.03.15 12:13:19.045,2.13164,2.13236,1.00,1.00
2016.03.15 12:13:19.313,2.13161,2.13226,1.00,1.00
2016.03.15 12:13:19.515,2.13163,2.13235,1.00,1.00
2016.03.15 12:13:19.767,2.13163,2.13234,1.00,1.50
2016.03.15 12:13:20.426,2.13163,2.13234,1.34,1.50
2016.03.15 12:13:20.628,2.13174,2.13239,1.75,1.00
2016.03.15 12:13:20.702,2.13173,2.13247,1.00,1.00
2016.03.15 12:13:20.803,2.13174,2.13236,1.00,1.00
2016.03.15 12:13:21.141,2.13172,2.13236,1.00,1.00
2016.03.15 12:13:21.744,2.13171,2.13236,1.00,1.00
2016.03.15 12:13:22.885,2.13171,2.13237,1.00,1.00
2016.03.15 12:13:23.302,2.13163,2.13237,1.00,1.00
2016.03.15 12:13:23.614,2.13164,2.13235,1.00,1.00
2016.03.15 12:13:23.917,2.13172,2.13235,1.00,1.00
2016.03.15 12:13:23.967,2.13172,2.13237,1.00,1.50
2016.03.15 12:13:24.508,2.13171,2.13236,1.00,1.00
2016.03.15 12:13:24.999,2.13171,2.13234,1.00,1.00
2016.03.15 12:13:25.309,2.13171,2.13237,1.00,2.25
2016.03.15 12:13:26.165,2.13172,2.13237,1.00,2.25
2016.03.15 12:13:27.166,2.13172,2.13236,1.00,1.00
2016.03.15 12:13:28.022,2.13171,2.13236,1.00,1.00
2016.03.15 12:13:28.268,2.13171,2.13234,1.00,1.00
2016.03.15 12:13:28.671,2.13171,2.13236,1.00,1.50
2016.03.15 12:13:28.769,2.13182,2.13236,1.00,1.50
2016.03.15 12:13:29.170,2.13182,2.13234,1.00,1.00
2016.03.15 12:13:29.573,2.13181,2.13236,1.00,1.50
2016.03.15 12:13:29.674,2.13171,2.13236,1.00,1.50
2016.03.15 12:13:29.897,2.13182,2.13234,1.00,1.00
2016.03.15 12:13:29.998,2.13171,2.13234,1.00,1.00
2016.03.15 12:13:30.943,2.13181,2.13234,1.00,1.00
2016.03.15 12:13:30.994,2.13172,2.13234,1.00,1.00
2016.03.15 12:13:31.577,2.13172,2.13237,1.00,1.00
2016.03.15 12:13:31.627,2.13182,2.13237,1.00,1.00
2016.03.15 12:13:31.728,2.13182,2.13244,1.00,1.84
2016.03.15 12:13:31.989,2.13182,2.13247,1.00,1.34
2016.03.15 12:13:32.192,2.13192,2.13256,1.00,1.34
2016.03.15 12:13:32.646,2.13183,2.13254,1.00,1.34
2016.03.15 12:13:32.898,2.13181,2.13249,1.00,1.09
2016.03.15 12:13:33.446,2.13182,2.13249,1.00,1.09
2016.03.15 12:13:33.936,2.13192,2.13249,1.00,1.09
2016.03.15 12:13:34.088,2.13174,2.13249,1.00,1.09
2016.03.15 12:13:34.138,2.13184,2.13249,1.00,1.09
2016.03.15 12:13:34.465,2.13191,2.13257,1.00,1.71
2016.03.15 12:13:34.616,2.13184,2.13256,1.00,1.71
2016.03.15 12:13:34.767,2.13181,2.1325,1.00,1.71
2016.03.15 12:13:35.268,2.13182,2.1325,1.00,1.09
2016.03.15 12:13:35.836,2.13171,2.13246,1.00,1.34
2016.03.15 12:13:36.373,2.13171,2.13243,1.00,1.00
2016.03.15 12:13:36.575,2.13173,2.13247,1.00,1.34
2016.03.15 12:13:36.877,2.13182,2.13246,1.00,1.34
2016.03.15 12:13:37.815,2.13174,2.13246,1.00,1.34
2016.03.15 12:13:38.842,2.13171,2.13246,1.00,1.34
2016.03.15 12:13:39.094,2.13171,2.13244,1.00,1.84
2016.03.15 12:13:39.421,2.13172,2.13236,1.00,1.00
2016.03.15 12:13:40.308,2.13164,2.13236,1.00,1.00
2016.03.15 12:13:41.397,2.13162,2.13236,1.00,1.00
2016.03.15 12:13:41.528,2.13162,2.13236,1.00,1.71
2016.03.15 12:13:41.629,2.13151,2.13227,1.00,1.09
2016.03.15 12:13:41.834,2.13153,2.1323,1.00,1.09
2016.03.15 12:13:42.098,2.13161,2.13236,1.00,1.00
2016.03.15 12:13:42.613,2.13163,2.13237,1.00,2.21
2016.03.15 12:13:45.354,2.13164,2.13236,1.00,1.00
2016.03.15 12:13:46.106,2.13163,2.13238,1.00,1.84
2016.03.15 12:13:46.617,2.13163,2.13236,1.00,1.00
2016.03.15 12:13:46.769,2.13161,2.13236,1.00,1.50
2016.03.15 12:13:47.020,2.13161,2.13228,1.00,1.00
2016.03.15 12:13:47.121,2.13161,2.13233,1.00,1.00
2016.03.15 12:13:47.222,2.13161,2.13231,1.00,1.75
2016.03.15 12:13:47.771,2.13154,2.1323,1.00,1.75
2016.03.15 12:13:47.976,2.13161,2.1323,1.00,1.75
2016.03.15 12:13:48.489,2.13162,2.13236,1.00,1.75
2016.03.15 12:13:49.846,2.13153,2.13236,1.00,1.75
2016.03.15 12:13:50.825,2.13163,2.13236,1.00,1.75
2016.03.15 12:13:52.389,2.13154,2.13228,1.00,1.12
2016.03.15 12:13:52.844,2.13153,2.13217,1.00,1.00
2016.03.15 12:13:52.945,2.13143,2.13217,1.00,1.50
2016.03.15 12:13:53.046,2.13143,2.13214,1.00,1.00
2016.03.15 12:13:53.247,2.13144,2.13216,1.00,1.12
2016.03.15 12:13:53.348,2.13146,2.13216,1.00,1.75
2016.03.15 12:13:53.449,2.13152,2.13226,1.00,1.75
2016.03.15 12:13:53.552,2.13163,2.1323,1.00,1.75
2016.03.15 12:13:53.653,2.13163,2.13229,1.00,1.00
2016.03.15 12:13:53.704,2.13163,2.1324,1.00,1.75
2016.03.15 12:13:53.805,2.13173,2.13241,1.00,1.75
2016.03.15 12:13:54.135,2.13174,2.13241,1.00,1.00
2016.03.15 12:13:54.432,2.13174,2.13243,1.00,1.00
2016.03.15 12:13:54.733,2.13174,2.13245,1.00,1.87
2016.03.15 12:13:55.134,2.13174,2.13242,1.00,1.00
2016.03.15 12:13:55.885,2.13164,2.13243,1.00,1.00
2016.03.15 12:13:56.417,2.13164,2.13242,1.00,1.00
2016.03.15 12:13:56.467,2.13164,2.1324,1.00,1.00
2016.03.15 12:13:56.770,2.13163,2.13237,1.00,1.00
2016.03.15 12:13:57.205,2.13164,2.1324,1.00,1.00
2016.03.15 12:13:57.559,2.13163,2.13242,1.00,1.00
2016.03.15 12:13:57.744,2.13163,2.1324,1.00,1.00
2016.03.15 12:13:58.272,2.13164,2.13241,1.00,1.00
2016.03.15 12:13:58.889,2.13172,2.13241,1.00,1.00
2016.03.15 12:13:59.416,2.13171,2.13241,1.00,1.00
2016.03.15 12:13:59.886,2.13171,2.13244,1.00,1.50
2016.03.15 12:14:00.144,2.13171,2.13242,1.00,1.00
2016.03.15 12:14:00.447,2.13172,2.13239,1.00,1.00
2016.03.15 12:14:00.949,2.13172,2.13239,1.00,1.75
2016.03.15 12:14:01.893,2.13164,2.13239,1.00,1.75
2016.03.15 12:14:02.549,2.13164,2.13232,1.00,1.00
2016.03.15 12:14:02.851,2.13161,2.13233,1.00,1.50
2016.03.15 12:14:02.952,2.13171,2.13229,1.00,1.37
2016.03.15 12:14:03.150,2.13171,2.13236,1.00,1.37
2016.03.15 12:14:03.251,2.13171,2.13237,1.00,1.00
2016.03.15 12:14:03.301,2.13182,2.13237,1.00,1.00
2016.03.15 12:14:03.402,2.13171,2.13237,1.00,1.00
2016.03.15 12:14:03.946,2.13171,2.1324,1.00,1.09
2016.03.15 12:14:04.506,2.13172,2.1324,1.00,1.09
2016.03.15 12:14:04.750,2.13173,2.1324,1.00,1.09
2016.03.15 12:14:05.052,2.13161,2.13226,1.00,2.59
2016.03.15 12:14:06.345,2.13162,2.13226,1.00,1.84
2016.03.15 12:14:08.133,2.13161,2.13225,1.00,1.09
2016.03.15 12:14:09.879,2.13162,2.1323,1.00,2.59
2016.03.15 12:14:10.047,2.13162,2.13234,1.00,2.62
2016.03.15 12:14:10.098,2.13172,2.13234,1.00,1.37
2016.03.15 12:14:10.216,2.13164,2.13236,1.00,1.50
2016.03.15 12:14:11.299,2.13163,2.1324,1.00,1.84
2016.03.15 12:14:13.298,2.13161,2.13236,1.00,1.50
2016.03.15 12:14:13.399,2.13163,2.13237,1.00,1.75
2016.03.15 12:14:14.596,2.13171,2.13237,1.00,1.75
2016.03.15 12:14:14.796,2.13171,2.13237,1.00,1.00
2016.03.15 12:14:14.897,2.13172,2.13243,1.00,1.34
2016.03.15 12:14:15.407,2.13171,2.13245,1.00,1.09
2016.03.15 12:14:16.001,2.13172,2.13245,1.00,1.09
2016.03.15 12:14:16.253,2.13171,2.13232,1.00,1.84
2016.03.15 12:14:16.714,2.13163,2.13232,1.00,2.21
2016.03.15 12:14:17.016,2.13161,2.13232,1.00,1.84
2016.03.15 12:14:17.156,2.13171,2.13232,1.00,2.21
2016.03.15 12:14:17.257,2.13162,2.13231,1.00,1.09
2016.03.15 12:14:17.905,2.13171,2.13231,1.00,1.09
2016.03.15 12:14:18.456,2.13172,2.13231,1.00,1.09
2016.03.15 12:14:18.829,2.13171,2.13242,1.00,1.09
2016.03.15 12:14:18.880,2.13173,2.13245,1.00,1.71
2016.03.15 12:14:18.930,2.13173,2.13247,1.00,1.34
2016.03.15 12:14:19.031,2.13173,2.13247,1.00,1.00
2016.03.15 12:14:19.082,2.13173,2.13247,1.37,1.00
2016.03.15 12:14:19.133,2.13182,2.13256,1.00,1.00
2016.03.15 12:14:19.234,2.13192,2.13263,1.00,1.09
2016.03.15 12:14:19.790,2.13193,2.1327,1.00,2.62
2016.03.15 12:14:19.891,2.13191,2.13267,1.00,1.75
2016.03.15 12:14:20.344,2.13193,2.13271,1.00,1.80
2016.03.15 12:14:21.016,2.13201,2.13272,1.00,1.09
2016.03.15 12:14:21.067,2.13201,2.13277,1.00,1.75
2016.03.15 12:14:21.118,2.13211,2.13277,1.00,1.75
2016.03.15 12:14:21.169,2.13211,2.13277,1.00,1.37
2016.03.15 12:14:21.219,2.13211,2.13285,1.00,1.09
2016.03.15 12:14:21.783,2.13211,2.13285,1.00,1.09
2016.03.15 12:14:23.170,2.13214,2.13285,1.00,1.09
2016.03.15 12:14:23.500,2.13221,2.13285,1.00,1.09
2016.03.15 12:14:24.954,2.13222,2.13285,1.00,1.09
2016.03.15 12:14:25.256,2.13232,2.13294,1.00,1.84
2016.03.15 12:14:25.357,2.13232,2.13297,1.00,1.50
2016.03.15 12:14:25.509,2.13231,2.13302,1.00,1.46
2016.03.15 12:14:25.610,2.13231,2.13302,1.00,1.09
2016.03.15 12:14:26.804,2.13231,2.13297,1.00,1.00
2016.03.15 12:14:27.107,2.13222,2.13284,1.00,2.21
2016.03.15 12:14:27.216,2.13212,2.13277,1.00,1.34
2016.03.15 12:14:27.317,2.13202,2.13277,1.00,1.71
2016.03.15 12:14:27.720,2.13204,2.13276,1.00,1.09
2016.03.15 12:14:28.224,2.13203,2.13276,1.00,1.09
2016.03.15 12:14:28.493,2.13194,2.13276,1.00,1.84
2016.03.15 12:14:28.594,2.13201,2.13276,1.00,1.84
2016.03.15 12:14:28.897,2.13204,2.13276,1.00,1.09
2016.03.15 12:14:31.323,2.13211,2.13283,1.00,1.71
2016.03.15 12:14:31.664,2.13204,2.13282,1.00,1.46
2016.03.15 12:14:32.299,2.13201,2.13277,1.00,1.34
2016.03.15 12:14:32.551,2.13203,2.13282,1.00,1.46
2016.03.15 12:14:32.853,2.13203,2.13274,1.00,1.09
2016.03.15 12:14:35.271,2.13202,2.13277,1.00,1.75
2016.03.15 12:14:35.955,2.13203,2.13282,1.00,1.75
2016.03.15 12:14:36.608,2.13214,2.13286,1.00,1.75
2016.03.15 12:14:36.759,2.13214,2.13286,1.00,1.37
2016.03.15 12:14:36.810,2.13221,2.13288,1.00,1.75
2016.03.15 12:14:38.015,2.13214,2.13288,1.00,1.75
2016.03.15 12:14:41.233,2.13213,2.13287,1.00,1.50
2016.03.15 12:14:45.392,2.13214,2.13287,1.00,1.50
2016.03.15 12:14:46.880,2.13224,2.13287,1.00,1.50
2016.03.15 12:14:48.284,2.13233,2.13292,1.00,1.00
2016.03.15 12:14:48.385,2.13233,2.13301,1.00,1.75
2016.03.15 12:14:50.365,2.13234,2.13307,1.00,2.59
2016.03.15 12:14:53.805,2.13224,2.13304,1.00,1.75
2016.03.15 12:14:55.361,2.13223,2.13307,1.00,3.34
2016.03.15 12:14:55.462,2.13221,2.13279,1.00,1.00
2016.03.15 12:14:55.513,2.13213,2.13279,1.37,1.00
2016.03.15 12:14:55.564,2.13213,2.13278,1.00,1.34
2016.03.15 12:14:55.665,2.13203,2.13272,1.00,1.34
2016.03.15 12:14:55.794,2.13196,2.13272,1.00,1.34
2016.03.15 12:14:55.895,2.13193,2.13273,1.50,1.46
2016.03.15 12:14:55.996,2.13204,2.13273,1.00,1.46
2016.03.15 12:14:56.097,2.13194,2.13273,1.50,2.59
2016.03.15 12:14:56.640,2.13193,2.13267,1.00,1.34
2016.03.15 12:14:56.842,2.13189,2.13266,1.12,1.34
2016.03.15 12:14:56.892,2.13183,2.13257,2.25,1.00
2016.03.15 12:14:56.956,2.13183,2.13257,1.87,1.00
2016.03.15 12:14:57.007,2.13183,2.13257,1.00,1.00
2016.03.15 12:14:57.058,2.13183,2.13254,1.00,1.84
2016.03.15 12:14:57.108,2.13177,2.1325,1.50,1.34
2016.03.15 12:14:57.159,2.13174,2.1325,1.37,1.34
2016.03.15 12:14:57.210,2.13174,2.13246,1.00,1.34
2016.03.15 12:14:57.412,2.13165,2.13247,2.25,1.84
2016.03.15 12:14:57.663,2.13173,2.13247,1.00,1.34
2016.03.15 12:14:58.322,2.13174,2.13246,1.00,1.34
2016.03.15 12:14:58.625,2.13181,2.13254,1.00,2.21
2016.03.15 12:14:58.927,2.13184,2.13254,1.00,2.21
2016.03.15 12:14:59.536,2.13184,2.1326,1.00,1.09
2016.03.15 12:14:59.587,2.13184,2.13264,1.00,1.84
2016.03.15 12:14:59.638,2.13184,2.13264,1.00,1.46
2016.03.15 12:14:59.789,2.13188,2.13265,1.00,1.71
2016.03.15 12:14:59.891,2.13193,2.13269,1.00,2.21
2016.03.15 12:14:59.992,2.13193,2.13269,1.00,1.34
2016.03.15 12:15:00.533,2.13194,2.1327,1.00,1.34
2016.03.15 12:15:02.498,2.13193,2.1327,1.00,1.34
2016.03.15 12:15:04.677,2.13194,2.1327,1.00,1.34
2016.03.15 12:15:05.131,2.13194,2.13266,1.00,1.00
2016.03.15 12:15:05.333,2.13186,2.13265,1.00,1.37
2016.03.15 12:15:05.434,2.13184,2.13264,1.00,1.12
2016.03.15 12:15:05.566,2.13183,2.13262,1.00,1.00
2016.03.15 12:15:06.000,2.13183,2.13258,1.00,1.00
2016.03.15 12:15:06.313,2.13183,2.13263,1.00,1.00
2016.03.15 12:15:06.824,2.13184,2.13266,1.00,1.50
2016.03.15 12:15:10.008,2.13184,2.13262,1.00,1.00
2016.03.15 12:15:10.109,2.13184,2.13264,1.00,1.12
2016.03.15 12:15:10.210,2.13184,2.13262,1.00,1.00
2016.03.15 12:15:12.199,2.13184,2.13263,1.00,1.00
2016.03.15 12:15:12.698,2.13194,2.13263,1.00,1.00
2016.03.15 12:15:13.101,2.13194,2.1327,1.00,1.71
2016.03.15 12:15:13.202,2.13194,2.13271,1.00,1.34
2016.03.15 12:15:13.257,2.13204,2.13271,1.00,1.34
2016.03.15 12:15:13.812,2.13196,2.13276,1.75,1.34
2016.03.15 12:15:14.297,2.13194,2.13276,1.37,2.21
2016.03.15 12:15:14.403,2.13194,2.13266,1.00,1.00
2016.03.15 12:15:14.809,2.13183,2.13267,1.75,1.00
2016.03.15 12:15:15.156,2.13194,2.13266,1.00,1.00
2016.03.15 12:15:16.878,2.13183,2.13267,2.25,1.50
2016.03.15 12:15:16.929,2.13183,2.13267,2.62,1.87
2016.03.15 12:15:16.980,2.13183,2.13267,2.25,2.25
2016.03.15 12:15:17.260,2.13185,2.13267,1.00,2.25
2016.03.15 12:15:17.562,2.13191,2.13267,1.00,1.75
2016.03.15 12:15:19.097,2.13192,2.13267,1.00,2.25
2016.03.15 12:15:19.539,2.13184,2.13265,1.00,1.50
2016.03.15 12:15:19.700,2.13184,2.1325,1.00,1.00
2016.03.15 12:15:20.017,2.13164,2.13235,1.00,1.34
2016.03.15 12:15:21.870,2.13154,2.1323,1.50,1.09
2016.03.15 12:15:22.022,2.13157,2.1323,1.00,1.09
2016.03.15 12:15:22.243,2.13174,2.13246,1.00,1.00
2016.03.15 12:15:22.294,2.13174,2.13248,1.00,1.00
2016.03.15 12:15:22.345,2.13174,2.13256,1.00,3.00
2016.03.15 12:15:22.395,2.13183,2.13256,1.00,2.25
2016.03.15 12:15:22.446,2.13183,2.13255,1.00,1.00
2016.03.15 12:15:22.547,2.13183,2.13264,1.00,1.37
2016.03.15 12:15:22.849,2.13184,2.13256,1.00,1.75
2016.03.15 12:15:23.151,2.13153,2.13227,1.00,1.00
2016.03.15 12:15:23.309,2.13146,2.13226,1.00,2.25
2016.03.15 12:15:24.025,2.13147,2.13225,1.00,1.75
2016.03.15 12:15:24.328,2.13154,2.13225,1.00,1.75
2016.03.15 12:15:24.378,2.13154,2.13226,1.00,1.75
2016.03.15 12:15:24.910,2.13153,2.13225,1.00,1.75
2016.03.15 12:15:25.964,2.13153,2.13225,1.00,1.75
2016.03.15 12:15:26.094,2.13143,2.13213,1.00,1.50
2016.03.15 12:15:26.145,2.13134,2.13206,1.00,1.37
2016.03.15 12:15:26.246,2.13131,2.13204,1.00,1.75
2016.03.15 12:15:26.448,2.13143,2.13205,1.00,1.75
2016.03.15 12:15:27.557,2.13133,2.13204,1.00,1.75
2016.03.15 12:15:27.658,2.13131,2.13205,1.00,1.75
2016.03.15 12:15:27.809,2.13134,2.13205,1.00,1.75
2016.03.15 12:15:28.786,2.13133,2.13205,1.00,1.75
2016.03.15 12:15:29.290,2.13134,2.13205,1.00,1.75
2016.03.15 12:15:29.701,2.13123,2.13195,1.00,1.37
2016.03.15 12:15:29.752,2.13123,2.13195,1.00,1.37
2016.03.15 12:15:33.057,2.13123,2.13195,1.00,1.75
2016.03.15 12:15:34.159,2.13124,2.13195,1.00,1.75
2016.03.15 12:15:34.260,2.13132,2.13195,1.00,1.75
2016.03.15 12:15:34.766,2.13131,2.13195,1.00,1.75
2016.03.15 12:15:35.268,2.13132,2.13195,1.00,1.75
2016.03.15 12:15:36.413,2.13132,2.13194,1.00,1.00
2016.03.15 12:15:36.464,2.13132,2.13204,1.00,1.75
2016.03.15 12:15:37.549,2.13131,2.13204,1.00,1.75
2016.03.15 12:15:37.700,2.13135,2.13204,1.00,1.75
2016.03.15 12:15:38.064,2.13134,2.13215,1.00,1.75
2016.03.15 12:15:38.115,2.13142,2.13215,1.00,1.75
2016.03.15 12:15:38.314,2.13134,2.13215,1.00,1.75
2016.03.15 12:15:38.688,2.13142,2.13215,1.00,1.75
2016.03.15 12:15:39.514,2.13142,2.13216,1.00,2.25
2016.03.15 12:15:39.815,2.13142,2.13216,1.00,1.75
2016.03.15 12:15:39.866,2.13133,2.13215,1.00,1.75
2016.03.15 12:15:40.013,2.13141,2.13215,1.00,1.75
2016.03.15 12:15:40.360,2.13132,2.132,1.00,1.37
2016.03.15 12:15:40.461,2.13123,2.13201,1.00,1.75
2016.03.15 12:15:40.965,2.13134,2.13201,1.00,1.75
2016.03.15 12:15:41.167,2.13134,2.13207,1.00,1.75
2016.03.15 12:15:41.268,2.13132,2.13206,1.00,1.75
2016.03.15 12:15:41.812,2.13133,2.13211,1.00,1.75
2016.03.15 12:15:42.064,2.13131,2.13207,1.00,1.75
2016.03.15 12:15:42.755,2.13134,2.13211,1.00,2.25
2016.03.15 12:15:43.723,2.13131,2.13206,1.00,1.75
2016.03.15 12:15:43.824,2.13129,2.13206,1.00,1.75
2016.03.15 12:15:44.027,2.13133,2.13211,1.00,1.75
2016.03.15 12:15:45.782,2.13133,2.13211,1.00,1.00
2016.03.15 12:15:46.285,2.13134,2.13212,1.00,1.12
2016.03.15 12:15:46.567,2.13141,2.13212,1.00,1.12
2016.03.15 12:15:47.187,2.13141,2.13211,1.00,1.00
2016.03.15 12:15:47.238,2.13133,2.13211,1.50,1.00
2016.03.15 12:15:47.872,2.13133,2.13212,1.50,1.12
2016.03.15 12:15:47.922,2.13141,2.13212,1.00,1.12
2016.03.15 12:15:48.142,2.13133,2.13212,1.50,1.12
2016.03.15 12:15:48.596,2.13144,2.13211,1.00,1.00
2016.03.15 12:15:48.798,2.13143,2.13223,1.00,1.37
2016.03.15 12:15:50.193,2.13144,2.13223,1.00,1.37
2016.03.15 12:15:50.716,2.13143,2.13222,1.50,1.12
2016.03.15 12:15:51.398,2.13146,2.13222,1.00,1.12
2016.03.15 12:15:51.701,2.13164,2.13227,1.00,1.34
2016.03.15 12:15:51.887,2.13172,2.13235,1.00,1.00
2016.03.15 12:15:51.999,2.13172,2.13247,1.00,1.12
2016.03.15 12:15:52.207,2.13174,2.1325,1.00,1.75
2016.03.15 12:15:52.510,2.13181,2.13247,1.00,1.00
2016.03.15 12:15:52.661,2.13181,2.13255,1.00,1.00
2016.03.15 12:15:53.211,2.13182,2.13257,1.00,1.37
2016.03.15 12:15:55.924,2.13184,2.13256,1.00,1.12
2016.03.15 12:15:58.604,2.13183,2.13257,1.00,1.37
2016.03.15 12:15:59.106,2.13184,2.13257,1.00,1.00
2016.03.15 12:15:59.615,2.13186,2.13264,1.00,1.46
2016.03.15 12:15:59.930,2.1319,2.13265,1.00,1.37
2016.03.15 12:16:00.186,2.13192,2.13266,1.00,1.87
2016.03.15 12:16:00.790,2.13192,2.13256,1.00,1.00
2016.03.15 12:16:01.419,2.13195,2.13256,1.00,1.00
2016.03.15 12:16:01.514,2.13195,2.13267,1.00,1.50
2016.03.15 12:16:01.666,2.13192,2.13267,1.00,1.50
2016.03.15 12:16:01.767,2.13194,2.13266,1.00,1.00
2016.03.15 12:16:02.271,2.13193,2.13267,1.00,1.00
2016.03.15 12:16:02.322,2.13193,2.13277,1.50,1.37
2016.03.15 12:16:02.423,2.13203,2.13277,1.00,1.37
2016.03.15 12:16:02.924,2.13203,2.13277,1.00,1.00
2016.03.15 12:16:03.075,2.13203,2.13287,1.00,1.75
2016.03.15 12:16:04.857,2.13203,2.13283,1.50,1.00
2016.03.15 12:16:04.958,2.13203,2.13287,1.00,1.75
2016.03.15 12:16:05.463,2.13204,2.13286,1.00,1.50
2016.03.15 12:16:06.080,2.13204,2.13283,1.00,1.00
2016.03.15 12:16:06.382,2.13195,2.13277,1.75,1.71
2016.03.15 12:16:06.725,2.13191,2.13266,1.00,1.12
2016.03.15 12:16:08.436,2.13188,2.13266,1.00,1.12
2016.03.15 12:16:08.587,2.13194,2.13266,1.00,1.12
2016.03.15 12:16:08.921,2.13191,2.13266,1.00,1.12
2016.03.15 12:16:09.550,2.13188,2.13266,1.00,1.12
2016.03.15 12:16:09.600,2.13194,2.13266,1.00,1.12
2016.03.15 12:16:09.931,2.13191,2.13267,1.00,1.37
2016.03.15 12:16:10.634,2.1319,2.13267,1.00,1.37
2016.03.15 12:16:10.684,2.13193,2.13267,1.00,1.37
2016.03.15 12:16:11.035,2.13191,2.13266,1.00,1.12
2016.03.15 12:16:11.704,2.13192,2.13266,1.00,1.12
2016.03.15 12:16:11.906,2.13194,2.13274,1.00,1.75
2016.03.15 12:16:14.262,2.13201,2.13266,1.00,1.00
2016.03.15 12:16:14.316,2.13201,2.13275,1.00,1.00
2016.03.15 12:16:14.367,2.13193,2.13275,1.12,1.00
2016.03.15 12:16:14.468,2.13193,2.13277,1.12,1.12
2016.03.15 12:16:14.519,2.13203,2.1328,1.00,1.75
2016.03.15 12:16:15.535,2.13204,2.13276,1.00,1.00
2016.03.15 12:16:15.838,2.13196,2.13277,1.00,1.12
2016.03.15 12:16:16.089,2.13203,2.13279,1.00,1.50
2016.03.15 12:16:18.395,2.13199,2.13277,1.00,1.12
2016.03.15 12:16:18.674,2.13197,2.13277,1.00,1.12
2016.03.15 12:16:18.883,2.13194,2.13277,1.00,1.87
2016.03.15 12:16:18.984,2.13193,2.13274,1.00,1.37
2016.03.15 12:16:19.145,2.13191,2.13267,1.00,1.75
2016.03.15 12:16:21.193,2.13192,2.13266,1.00,1.75
2016.03.15 12:16:24.202,2.13193,2.13266,1.00,1.75
2016.03.15 12:16:24.674,2.13186,2.13267,1.00,2.25
2016.03.15 12:16:25.103,2.13184,2.13266,1.00,1.75
2016.03.15 12:16:25.254,2.13192,2.13266,1.00,1.75
2016.03.15 12:16:25.808,2.13184,2.13266,1.00,2.25
2016.03.15 12:16:25.909,2.13191,2.13266,1.00,2.25
2016.03.15 12:16:26.243,2.13191,2.13257,1.00,1.00
2016.03.15 12:16:26.565,2.13181,2.13257,1.00,1.00
2016.03.15 12:16:26.616,2.13183,2.13263,1.00,1.12
2016.03.15 12:16:26.974,2.13183,2.13261,1.00,1.00
2016.03.15 12:16:27.276,2.13191,2.13266,1.00,3.00
2016.03.15 12:16:27.326,2.13183,2.13266,1.00,3.00
2016.03.15 12:16:27.459,2.13191,2.13266,1.00,2.25
2016.03.15 12:16:27.668,2.13183,2.13267,1.00,3.00
2016.03.15 12:16:28.122,2.13191,2.13265,1.00,1.50
2016.03.15 12:16:28.673,2.13183,2.13265,1.00,1.50
2016.03.15 12:16:28.865,2.13183,2.13257,1.00,1.00
2016.03.15 12:16:29.178,2.13192,2.13257,1.00,1.00
2016.03.15 12:16:29.531,2.13183,2.13257,1.00,1.00
2016.03.15 12:16:29.732,2.13183,2.13264,1.00,1.37
2016.03.15 12:16:30.631,2.13191,2.13263,1.00,1.12
2016.03.15 12:16:30.962,2.13183,2.13265,1.00,1.50
2016.03.15 12:16:31.013,2.13183,2.13261,1.00,1.00
2016.03.15 12:16:31.114,2.13183,2.13266,1.00,2.25
2016.03.15 12:16:31.266,2.13183,2.13266,1.00,2.25
2016.03.15 12:16:31.580,2.13182,2.13257,1.00,1.75
2016.03.15 12:16:31.935,2.13182,2.13246,1.00,1.00
2016.03.15 12:16:32.138,2.13181,2.13255,1.00,1.75
2016.03.15 12:16:33.182,2.13182,2.13255,1.00,1.75
2016.03.15 12:16:34.448,2.13183,2.13259,1.00,1.75
2016.03.15 12:16:34.964,2.13182,2.13256,1.00,1.75
2016.03.15 12:16:35.267,2.13174,2.13256,1.50,1.75
2016.03.15 12:16:35.751,2.13182,2.13256,1.00,1.75
2016.03.15 12:16:36.305,2.13184,2.13256,1.00,1.75
2016.03.15 12:16:36.524,2.13183,2.13264,1.00,2.25
2016.03.15 12:16:37.031,2.13184,2.13264,1.00,2.25
2016.03.15 12:16:37.836,2.13184,2.13256,1.00,1.00
2016.03.15 12:16:38.189,2.13182,2.13257,1.00,1.50
2016.03.15 12:16:38.252,2.13182,2.13251,1.00,1.00
2016.03.15 12:16:38.403,2.13172,2.13246,1.00,1.00
2016.03.15 12:16:38.504,2.13174,2.13246,1.00,1.00
2016.03.15 12:16:38.605,2.13171,2.13246,1.00,1.00
2016.03.15 12:16:39.262,2.13171,2.13247,1.00,1.00
2016.03.15 12:16:40.497,2.13171,2.13246,1.00,1.00
2016.03.15 12:16:41.003,2.13171,2.13247,1.00,1.00
2016.03.15 12:16:41.255,2.13166,2.13247,1.00,1.00
2016.03.15 12:16:41.658,2.13172,2.13247,1.00,1.00
2016.03.15 12:16:42.783,2.13172,2.13246,1.00,1.00
2016.03.15 12:16:43.307,2.13171,2.13247,1.00,1.00
2016.03.15 12:16:43.865,2.13182,2.13247,1.00,1.00
2016.03.15 12:16:44.134,2.13182,2.13254,1.00,1.75
2016.03.15 12:16:44.235,2.13182,2.13257,1.00,1.37
2016.03.15 12:16:44.286,2.13182,2.13257,1.00,1.00
2016.03.15 12:16:44.336,2.13188,2.13263,1.00,1.37
2016.03.15 12:16:44.643,2.13202,2.13276,1.00,1.00
2016.03.15 12:16:44.985,2.13202,2.13267,1.00,1.00
2016.03.15 12:16:45.187,2.13192,2.13266,1.00,1.00
2016.03.15 12:16:45.338,2.13192,2.13256,1.00,1.00
2016.03.15 12:16:45.908,2.13191,2.13256,1.00,1.00
2016.03.15 12:16:46.890,2.13191,2.13257,1.00,1.12
2016.03.15 12:16:47.939,2.13192,2.13257,1.00,1.00
2016.03.15 12:16:48.282,2.13202,2.13257,1.00,1.00
2016.03.15 12:16:48.654,2.13202,2.13266,1.00,1.00
2016.03.15 12:16:48.961,2.13204,2.13277,1.37,1.00
2016.03.15 12:16:49.062,2.13214,2.13292,1.00,1.12
2016.03.15 12:16:49.263,2.13214,2.1329,1.00,1.00
2016.03.15 12:16:49.573,2.13214,2.13286,1.00,1.00
2016.03.15 12:16:49.674,2.13204,2.13286,1.75,1.00
2016.03.15 12:16:49.775,2.13204,2.13287,1.37,1.00
2016.03.15 12:16:49.825,2.13212,2.13286,1.00,1.00
2016.03.15 12:16:50.162,2.13204,2.13287,1.37,1.50
2016.03.15 12:16:50.263,2.13204,2.13276,1.87,1.00
2016.03.15 12:16:50.414,2.13204,2.13286,1.87,1.50
2016.03.15 12:16:50.515,2.13201,2.13276,1.75,1.00
2016.03.15 12:16:52.288,2.13203,2.13282,1.37,1.00
2016.03.15 12:16:52.339,2.13203,2.13284,1.37,1.00
2016.03.15 12:16:52.440,2.13203,2.13279,1.37,1.00
2016.03.15 12:16:52.749,2.13201,2.13276,1.75,1.00
2016.03.15 12:16:53.504,2.13203,2.13277,1.37,1.00
2016.03.15 12:16:53.809,2.13193,2.13267,1.00,1.00
2016.03.15 12:16:53.860,2.13191,2.13264,1.00,1.00
2016.03.15 12:16:54.386,2.13191,2.13265,1.00,1.00
2016.03.15 12:16:55.139,2.13194,2.13265,1.00,1.00
2016.03.15 12:16:55.190,2.13194,2.13269,1.00,1.00
2016.03.15 12:16:55.291,2.13194,2.13272,1.00,1.37
2016.03.15 12:16:56.174,2.13202,2.13274,1.00,1.75
2016.03.15 12:16:57.857,2.13203,2.13274,1.00,1.75
2016.03.15 12:17:00.175,2.13204,2.13275,1.00,1.75
2016.03.15 12:17:00.327,2.13204,2.13276,1.00,1.00
2016.03.15 12:17:00.483,2.13204,2.13278,1.00,1.00
2016.03.15 12:17:00.705,2.13204,2.13275,1.00,1.00
2016.03.15 12:17:00.756,2.13201,2.13273,1.00,1.00
2016.03.15 12:17:01.059,2.13194,2.13273,1.50,1.00
2016.03.15 12:17:01.160,2.13194,2.13271,1.50,1.00
2016.03.15 12:17:01.663,2.13194,2.1327,1.50,1.00
2016.03.15 12:17:02.583,2.13193,2.13267,1.75,1.00
2016.03.15 12:17:04.899,2.13196,2.13276,1.00,1.00
2016.03.15 12:17:05.000,2.13202,2.13276,1.00,1.00
2016.03.15 12:17:05.256,2.13213,2.13291,1.00,1.00
2016.03.15 12:17:05.854,2.13213,2.1329,1.00,1.00
2016.03.15 12:17:05.905,2.13212,2.13287,1.00,1.00
2016.03.15 12:17:06.207,2.13203,2.13277,1.75,1.00
2016.03.15 12:17:06.359,2.13203,2.13281,1.75,1.00
2016.03.15 12:17:06.460,2.13211,2.13286,1.00,1.00
2016.03.15 12:17:06.554,2.13214,2.1329,1.00,1.00
2016.03.15 12:17:06.967,2.13214,2.13286,1.00,1.00
2016.03.15 12:17:07.315,2.13214,2.13288,1.00,1.00
2016.03.15 12:17:09.072,2.13213,2.13287,1.00,1.00
2016.03.15 12:17:09.672,2.13211,2.13287,1.00,1.50
2016.03.15 12:17:09.953,2.13214,2.13286,1.00,1.00
2016.03.15 12:17:11.405,2.13211,2.13287,1.00,1.50
2016.03.15 12:17:11.506,2.13203,2.13287,1.75,1.00
2016.03.15 12:17:11.708,2.13211,2.13287,1.00,1.00
2016.03.15 12:17:12.252,2.13212,2.13287,1.00,1.00
2016.03.15 12:17:15.342,2.13214,2.13286,1.00,1.00
2016.03.15 12:17:17.487,2.13214,2.13284,1.00,1.00
2016.03.15 12:17:17.588,2.13212,2.13284,1.00,1.00
2016.03.15 12:17:17.689,2.13204,2.1328,1.75,1.00
2016.03.15 12:17:18.238,2.13211,2.13279,1.00,1.00
2016.03.15 12:17:18.290,2.13211,2.13286,1.00,1.50
2016.03.15 12:17:18.391,2.13211,2.13283,1.00,1.00
2016.03.15 12:17:18.593,2.13212,2.13285,1.00,1.00
2016.03.15 12:17:19.128,2.13211,2.13286,1.00,1.50
2016.03.15 12:17:19.493,2.13204,2.13286,1.75,1.50
2016.03.15 12:17:19.666,2.13212,2.13286,1.00,1.50
2016.03.15 12:17:20.263,2.13211,2.13286,1.00,1.50
2016.03.15 12:17:20.744,2.13214,2.13287,1.00,1.00
2016.03.15 12:17:21.249,2.13214,2.13288,1.00,1.00
2016.03.15 12:17:22.696,2.13214,2.13287,1.00,1.00
2016.03.15 12:17:24.287,2.13211,2.13286,1.00,1.00
2016.03.15 12:17:24.704,2.13222,2.13286,1.00,1.00
2016.03.15 12:17:24.806,2.13222,2.13297,1.00,1.75
2016.03.15 12:17:24.957,2.13223,2.13297,1.00,1.00
2016.03.15 12:17:25.058,2.13223,2.13302,1.00,1.00
2016.03.15 12:17:25.210,2.13223,2.13305,1.00,1.12
2016.03.15 12:17:25.404,2.13223,2.13303,1.00,1.00
2016.03.15 12:17:25.905,2.13223,2.13304,1.00,1.00
2016.03.15 12:17:26.412,2.13223,2.13305,1.50,1.12
2016.03.15 12:17:27.002,2.13224,2.13297,1.00,1.00
2016.03.15 12:17:27.345,2.13223,2.13307,1.00,1.37
2016.03.15 12:17:27.799,2.13223,2.13297,1.00,1.00
2016.03.15 12:17:27.922,2.13224,2.13304,1.00,1.00
2016.03.15 12:17:28.259,2.13223,2.13297,1.00,1.00
2016.03.15 12:17:28.893,2.13232,2.13297,1.00,1.00
2016.03.15 12:17:29.944,2.13231,2.13297,1.00,1.00
2016.03.15 12:17:30.312,2.13232,2.13305,1.00,1.12
2016.03.15 12:17:30.564,2.13234,2.13306,1.00,1.00
2016.03.15 12:17:30.867,2.13242,2.13316,1.12,1.50
2016.03.15 12:17:30.917,2.13242,2.13314,1.12,1.00
2016.03.15 12:17:31.452,2.13236,2.13315,1.12,1.00
