2016.03.15 07:00:00.554,2.14361,2.14438,1.00,1.75
2016.03.15 07:00:00.887,2.14351,2.14438,1.00,1.75
2016.03.15 07:00:01.310,2.14353,2.14436,1.00,1.50
2016.03.15 07:00:01.621,2.14362,2.14437,1.00,1.75
2016.03.15 07:00:02.143,2.14355,2.14436,1.00,1.50
2016.03.15 07:00:02.244,2.14353,2.14436,1.00,1.50
2016.03.15 07:00:02.403,2.14356,2.14436,1.00,1.50
2016.03.15 07:00:02.953,2.14355,2.14437,1.00,1.75
2016.03.15 07:00:03.608,2.14356,2.14438,1.00,1.75
2016.03.15 07:00:04.214,2.14345,2.14434,1.75,1.12
2016.03.15 07:00:05.258,2.14341,2.14433,2.25,1.00
2016.03.15 07:00:05.359,2.14337,2.14427,1.09,1.37
2016.03.15 07:00:05.491,2.14335,2.14427,1.84,1.75
2016.03.15 07:00:05.541,2.14334,2.14415,1.75,1.00
2016.03.15 07:00:05.844,2.14335,2.14415,1.00,1.75
2016.03.15 07:00:05.895,2.14327,2.14415,1.34,1.75
2016.03.15 07:00:07.526,2.14323,2.14408,1.09,1.00
2016.03.15 07:00:07.577,2.14319,2.14408,1.75,1.34
2016.03.15 07:00:07.627,2.14307,2.14392,1.87,1.00
2016.03.15 07:00:07.678,2.14305,2.14392,1.87,1.00
2016.03.15 07:00:07.728,2.14305,2.14387,1.87,1.00
2016.03.15 07:00:07.779,2.14301,2.14387,1.37,1.37
2016.03.15 07:00:07.880,2.143,2.14387,1.00,1.75
2016.03.15 07:00:07.931,2.14297,2.14384,1.00,1.75
2016.03.15 07:00:08.474,2.14298,2.14385,1.00,1.75
2016.03.15 07:00:08.926,2.14306,2.14391,1.00,1.75
2016.03.15 07:00:09.094,2.14305,2.14401,1.75,1.84
2016.03.15 07:00:09.629,2.14312,2.144,1.00,1.75
2016.03.15 07:00:10.144,2.14309,2.14401,1.37,1.84
2016.03.15 07:00:10.339,2.14324,2.14409,1.00,1.75
2016.03.15 07:00:10.541,2.14328,2.1442,1.12,2.25
2016.03.15 07:00:10.591,2.14331,2.1442,1.00,2.25
2016.03.15 07:00:11.133,2.14332,2.14418,1.00,1.75
2016.03.15 07:00:12.150,2.14332,2.1441,1.00,1.00
2016.03.15 07:00:12.364,2.14312,2.144,1.37,1.50
2016.03.15 07:00:16.960,2.14303,2.14383,1.75,1.00
2016.03.15 07:00:17.071,2.14298,2.14381,1.50,1.00
2016.03.15 07:00:17.172,2.14295,2.14374,1.75,1.00
2016.03.15 07:00:17.223,2.14295,2.14374,1.37,1.00
2016.03.15 07:00:17.324,2.14296,2.14376,1.00,1.00
2016.03.15 07:00:17.578,2.14291,2.1438,1.12,1.84
2016.03.15 07:00:17.679,2.14294,2.14373,1.00,1.00
2016.03.15 07:00:17.988,2.14287,2.14366,1.00,1.00
2016.03.15 07:00:18.343,2.14281,2.14359,1.50,1.00
2016.03.15 07:00:20.793,2.14282,2.14359,1.00,1.00
2016.03.15 07:00:21.055,2.14284,2.14364,1.00,1.00
2016.03.15 07:00:22.064,2.14285,2.14364,1.00,1.00
2016.03.15 07:00:22.374,2.14271,2.14354,1.00,1.00
2016.03.15 07:00:22.475,2.1427,2.14348,1.00,1.00
2016.03.15 07:00:22.676,2.14255,2.14349,1.00,1.34
2016.03.15 07:00:22.851,2.14253,2.14348,1.00,1.34
2016.03.15 07:00:22.902,2.14247,2.14333,1.00,1.00
2016.03.15 07:00:23.054,2.14241,2.14342,1.00,1.00
2016.03.15 07:00:23.303,2.14243,2.14342,1.00,1.00
2016.03.15 07:00:23.628,2.14264,2.14348,1.00,1.00
2016.03.15 07:00:23.679,2.1426,2.14348,1.00,1.00
2016.03.15 07:00:23.837,2.14262,2.14348,1.00,1.00
2016.03.15 07:00:23.990,2.14257,2.14354,1.00,1.00
2016.03.15 07:00:24.295,2.14258,2.14343,1.00,1.00
2016.03.15 07:00:24.598,2.14246,2.14327,1.00,1.00
2016.03.15 07:00:25.258,2.14246,2.14325,1.00,1.00
2016.03.15 07:00:25.359,2.14246,2.14327,1.00,1.00
2016.03.15 07:00:26.974,2.14243,2.14336,1.00,1.00
2016.03.15 07:00:27.501,2.14245,2.14335,1.00,1.00
2016.03.15 07:00:27.843,2.14249,2.14332,1.00,1.00
2016.03.15 07:00:27.893,2.14247,2.14331,1.00,1.00
2016.03.15 07:00:27.994,2.14253,2.14334,1.00,1.00
2016.03.15 07:00:28.297,2.14268,2.14347,1.00,1.00
2016.03.15 07:00:28.513,2.14266,2.14347,1.00,1.00
2016.03.15 07:00:28.614,2.14269,2.14346,1.00,1.00
2016.03.15 07:00:28.665,2.14266,2.14348,1.00,1.00
2016.03.15 07:00:28.766,2.14269,2.14349,1.00,1.00
2016.03.15 07:00:28.867,2.14269,2.14364,1.00,1.37
2016.03.15 07:00:28.968,2.14272,2.14366,1.00,1.00
2016.03.15 07:00:29.069,2.14272,2.14369,1.00,1.00
2016.03.15 07:00:29.170,2.14271,2.14366,1.00,1.00
2016.03.15 07:00:29.489,2.14278,2.1437,1.00,1.00
2016.03.15 07:00:29.791,2.14289,2.14372,1.00,1.00
2016.03.15 07:00:29.892,2.14293,2.14378,1.00,1.00
2016.03.15 07:00:30.100,2.14289,2.14373,1.00,1.00
2016.03.15 07:00:30.202,2.14287,2.14373,1.00,1.00
2016.03.15 07:00:30.422,2.14285,2.14368,1.00,1.00
2016.03.15 07:00:30.473,2.14288,2.14376,1.00,1.00
2016.03.15 07:00:30.574,2.14286,2.14373,1.00,1.00
2016.03.15 07:00:30.776,2.14286,2.14379,1.00,1.00
2016.03.15 07:00:30.878,2.14288,2.14374,1.00,1.00
2016.03.15 07:00:31.079,2.14286,2.14381,1.00,1.12
2016.03.15 07:00:31.274,2.14291,2.14379,1.00,1.00
2016.03.15 07:00:31.390,2.14286,2.14379,1.00,1.00
2016.03.15 07:00:31.508,2.14293,2.14374,1.00,1.00
2016.03.15 07:00:31.609,2.14289,2.14372,1.00,1.00
2016.03.15 07:00:31.710,2.14293,2.14374,1.00,1.00
2016.03.15 07:00:31.811,2.14286,2.1437,1.00,1.00
2016.03.15 07:00:32.113,2.14288,2.14371,1.00,1.00
2016.03.15 07:00:32.432,2.14288,2.14369,1.00,1.00
2016.03.15 07:00:32.583,2.14291,2.14373,1.00,1.00
2016.03.15 07:00:32.684,2.14289,2.14371,1.00,1.00
2016.03.15 07:00:33.110,2.14289,2.14369,1.00,1.00
2016.03.15 07:00:33.211,2.14287,2.14369,1.00,1.00
2016.03.15 07:00:33.476,2.14291,2.1437,1.00,1.00
2016.03.15 07:00:34.578,2.14293,2.14372,1.00,1.00
2016.03.15 07:00:41.536,2.14305,2.14384,1.00,1.75
2016.03.15 07:00:41.929,2.14304,2.14384,1.00,1.00
2016.03.15 07:00:42.231,2.14307,2.14384,1.00,1.34
2016.03.15 07:00:42.294,2.14304,2.14384,1.00,1.34
2016.03.15 07:00:42.395,2.14306,2.14385,1.00,1.34
2016.03.15 07:00:42.495,2.14303,2.14384,1.00,1.34
2016.03.15 07:00:42.696,2.14306,2.14383,1.00,1.09
2016.03.15 07:00:42.797,2.14304,2.14383,1.00,1.09
2016.03.15 07:00:42.898,2.14307,2.14384,1.00,1.34
2016.03.15 07:00:43.212,2.14307,2.14384,1.00,2.59
2016.03.15 07:00:43.313,2.14297,2.14376,1.00,1.34
2016.03.15 07:00:43.364,2.14297,2.14376,1.00,1.34
2016.03.15 07:00:43.415,2.14291,2.14364,1.00,1.34
2016.03.15 07:00:43.516,2.14285,2.14364,1.00,1.34
2016.03.15 07:00:43.566,2.14285,2.14364,1.00,1.34
2016.03.15 07:00:43.617,2.14281,2.14358,1.00,1.34
2016.03.15 07:00:43.718,2.14276,2.1436,1.00,1.34
2016.03.15 07:00:43.769,2.14276,2.1436,1.00,1.34
2016.03.15 07:00:43.870,2.14274,2.14357,1.00,1.00
2016.03.15 07:00:44.099,2.14274,2.14355,1.00,1.00
2016.03.15 07:00:44.200,2.14272,2.14354,1.00,1.00
2016.03.15 07:00:44.401,2.14269,2.14351,1.00,1.00
2016.03.15 07:00:44.703,2.14272,2.14352,1.00,1.00
2016.03.15 07:00:44.804,2.14269,2.14351,1.00,1.00
2016.03.15 07:00:44.905,2.14272,2.14351,1.00,1.00
2016.03.15 07:00:45.006,2.14268,2.1435,1.00,1.00
2016.03.15 07:00:45.208,2.14268,2.14347,1.00,1.00
2016.03.15 07:00:46.025,2.14266,2.14346,1.00,1.00
2016.03.15 07:00:46.327,2.14264,2.14346,1.00,1.00
2016.03.15 07:00:46.536,2.14267,2.14349,1.00,1.00
2016.03.15 07:00:46.874,2.1427,2.14346,1.00,1.00
2016.03.15 07:00:49.344,2.14267,2.14346,1.00,1.34
2016.03.15 07:00:49.596,2.14267,2.14346,1.00,1.00
2016.03.15 07:00:50.066,2.14272,2.14348,1.00,1.00
2016.03.15 07:00:50.117,2.14276,2.14358,1.00,1.00
2016.03.15 07:00:50.218,2.14283,2.14364,1.00,1.00
2016.03.15 07:00:50.420,2.14283,2.14366,1.00,1.00
2016.03.15 07:00:51.119,2.14281,2.14357,1.00,1.00
2016.03.15 07:00:51.169,2.14276,2.14357,1.00,1.00
2016.03.15 07:00:51.220,2.14274,2.14352,1.00,1.00
2016.03.15 07:00:51.321,2.14272,2.14351,1.50,1.00
2016.03.15 07:00:51.422,2.14263,2.14351,1.50,1.00
2016.03.15 07:00:51.623,2.14262,2.14348,1.00,1.00
2016.03.15 07:00:51.926,2.14262,2.14343,1.00,1.00
2016.03.15 07:00:52.433,2.14264,2.14342,1.00,1.00
2016.03.15 07:00:52.735,2.14296,2.14379,1.34,1.00
2016.03.15 07:00:52.836,2.14302,2.14381,1.34,1.00
2016.03.15 07:00:52.887,2.14302,2.14381,1.00,1.00
2016.03.15 07:00:52.988,2.14286,2.1437,1.00,1.00
2016.03.15 07:00:53.039,2.14279,2.14365,1.00,1.00
2016.03.15 07:00:53.543,2.14278,2.14365,1.00,1.00
2016.03.15 07:00:53.745,2.14281,2.14365,1.00,1.00
2016.03.15 07:00:54.048,2.14271,2.14359,1.50,1.34
2016.03.15 07:00:54.200,2.14271,2.14359,1.50,1.34
2016.03.15 07:00:54.351,2.14273,2.14359,1.00,1.34
2016.03.15 07:00:54.871,2.14273,2.14362,1.00,1.34
2016.03.15 07:00:54.922,2.14281,2.14365,1.00,1.34
2016.03.15 07:00:54.973,2.14281,2.14365,1.00,1.34
2016.03.15 07:00:55.074,2.14281,2.14366,1.00,1.00
2016.03.15 07:00:55.175,2.14282,2.14377,1.00,1.50
2016.03.15 07:00:55.225,2.14286,2.14377,1.50,1.00
2016.03.15 07:00:55.546,2.14293,2.14383,1.00,1.34
2016.03.15 07:00:55.853,2.14295,2.14384,1.00,1.34
2016.03.15 07:00:56.023,2.14293,2.14384,1.00,1.34
2016.03.15 07:00:56.254,2.14295,2.14375,1.00,1.34
2016.03.15 07:00:56.616,2.14293,2.14375,1.00,1.34
2016.03.15 07:00:56.717,2.14293,2.14375,1.00,1.09
2016.03.15 07:00:56.768,2.14298,2.14381,1.00,1.34
2016.03.15 07:00:57.314,2.14297,2.1438,1.00,1.34
2016.03.15 07:00:57.828,2.14298,2.14379,1.00,1.34
2016.03.15 07:00:58.222,2.14298,2.14379,1.00,1.34
2016.03.15 07:00:58.273,2.14292,2.14379,1.00,1.34
2016.03.15 07:00:58.324,2.14292,2.14379,1.00,1.34
2016.03.15 07:00:58.374,2.14284,2.14375,1.50,1.34
2016.03.15 07:00:58.425,2.14284,2.14375,1.00,1.34
2016.03.15 07:00:58.476,2.14286,2.14369,1.00,1.34
2016.03.15 07:00:58.577,2.14278,2.14363,1.00,1.34
2016.03.15 07:00:58.930,2.14276,2.14359,1.00,1.34
2016.03.15 07:00:59.156,2.14274,2.14359,1.00,1.00
2016.03.15 07:00:59.262,2.14273,2.14362,1.50,1.09
2016.03.15 07:00:59.363,2.14279,2.14363,1.00,1.00
2016.03.15 07:00:59.666,2.14283,2.1437,1.00,1.00
2016.03.15 07:00:59.767,2.14286,2.14371,1.00,1.00
2016.03.15 07:00:59.868,2.14286,2.14373,1.00,1.00
2016.03.15 07:00:59.969,2.14288,2.14376,1.00,1.00
2016.03.15 07:01:00.170,2.14288,2.14382,1.00,1.00
2016.03.15 07:01:00.237,2.14292,2.14382,1.00,1.00
2016.03.15 07:01:00.539,2.14294,2.14384,1.00,1.00
2016.03.15 07:01:01.464,2.14298,2.14384,1.00,1.00
2016.03.15 07:01:01.645,2.14296,2.14385,1.00,1.00
2016.03.15 07:01:02.185,2.14299,2.14386,1.00,1.00
2016.03.15 07:01:02.503,2.14298,2.14384,1.00,1.00
2016.03.15 07:01:03.139,2.14299,2.14384,1.00,1.00
2016.03.15 07:01:03.815,2.143,2.14384,1.00,1.00
2016.03.15 07:01:04.263,2.14298,2.14386,1.00,1.84
2016.03.15 07:01:04.587,2.14302,2.14384,1.00,1.00
2016.03.15 07:01:05.374,2.14303,2.14386,1.00,1.34
2016.03.15 07:01:06.151,2.14303,2.14384,1.00,1.00
2016.03.15 07:01:06.583,2.14304,2.14389,1.00,1.00
2016.03.15 07:01:06.727,2.14304,2.14386,1.00,1.00
2016.03.15 07:01:07.252,2.14305,2.14386,1.00,1.00
2016.03.15 07:01:07.454,2.14311,2.14393,1.00,1.00
2016.03.15 07:01:07.555,2.14309,2.14394,1.00,1.00
2016.03.15 07:01:07.656,2.14307,2.14393,1.00,1.00
2016.03.15 07:01:08.160,2.14309,2.14392,1.00,1.00
2016.03.15 07:01:08.382,2.14309,2.14395,1.00,1.09
2016.03.15 07:01:08.655,2.14311,2.14396,1.00,1.84
2016.03.15 07:01:09.057,2.14314,2.14396,1.00,1.34
2016.03.15 07:01:09.573,2.14315,2.14396,1.00,1.34
2016.03.15 07:01:10.263,2.14314,2.144,1.00,1.34
2016.03.15 07:01:11.961,2.14313,2.14399,1.00,1.34
2016.03.15 07:01:12.012,2.14313,2.14399,1.00,1.00
2016.03.15 07:01:12.162,2.14315,2.14399,1.00,1.00
2016.03.15 07:01:13.103,2.14315,2.14399,1.00,1.34
2016.03.15 07:01:13.415,2.1432,2.14397,1.00,1.84
2016.03.15 07:01:13.919,2.14319,2.14396,1.00,1.34
2016.03.15 07:01:14.167,2.14317,2.14396,1.00,1.34
2016.03.15 07:01:14.344,2.14316,2.14393,1.00,1.34
2016.03.15 07:01:14.647,2.14316,2.14396,1.00,1.84
2016.03.15 07:01:15.068,2.1432,2.14396,1.00,1.34
2016.03.15 07:01:15.169,2.1432,2.14396,1.00,1.00
2016.03.15 07:01:15.371,2.1432,2.14396,1.00,1.34
2016.03.15 07:01:15.480,2.14318,2.14396,1.00,1.34
2016.03.15 07:01:16.384,2.1432,2.14396,1.00,1.34
2016.03.15 07:01:16.586,2.14314,2.14396,1.00,1.34
2016.03.15 07:01:16.800,2.14312,2.14396,1.00,1.84
2016.03.15 07:01:18.275,2.14309,2.14396,1.00,1.34
2016.03.15 07:01:19.033,2.1431,2.14396,1.00,1.34
2016.03.15 07:01:19.578,2.14311,2.14396,1.00,1.34
2016.03.15 07:01:20.903,2.14309,2.14396,1.00,1.34
2016.03.15 07:01:21.311,2.14306,2.14392,1.00,1.09
2016.03.15 07:01:21.361,2.14306,2.14392,1.00,1.34
2016.03.15 07:01:21.412,2.14303,2.14394,1.00,1.34
2016.03.15 07:01:22.007,2.14307,2.14392,1.00,1.34
2016.03.15 07:01:22.498,2.14304,2.14393,1.00,1.34
2016.03.15 07:01:23.062,2.14305,2.14392,1.00,1.34
2016.03.15 07:01:23.602,2.14306,2.14392,1.00,1.34
2016.03.15 07:01:23.682,2.14306,2.14392,1.00,1.09
2016.03.15 07:01:23.732,2.14309,2.14391,1.00,1.00
2016.03.15 07:01:24.035,2.14313,2.14394,1.00,1.34
2016.03.15 07:01:24.239,2.14311,2.14394,1.00,1.34
2016.03.15 07:01:24.405,2.14313,2.14394,1.00,1.34
2016.03.15 07:01:25.893,2.14308,2.14396,1.00,1.84
2016.03.15 07:01:26.013,2.14313,2.14395,1.00,1.34
2016.03.15 07:01:26.852,2.14312,2.14395,1.00,1.34
2016.03.15 07:01:27.244,2.14312,2.14392,1.84,1.00
2016.03.15 07:01:27.446,2.14325,2.14411,1.50,1.00
2016.03.15 07:01:27.597,2.14331,2.14412,1.00,1.00
2016.03.15 07:01:27.749,2.14331,2.14417,1.00,1.50
2016.03.15 07:01:27.935,2.14331,2.14415,1.00,1.00
2016.03.15 07:01:28.207,2.14332,2.14417,1.00,1.50
2016.03.15 07:01:29.559,2.14332,2.14416,1.00,1.00
2016.03.15 07:01:29.829,2.1433,2.14416,1.00,1.00
2016.03.15 07:01:31.098,2.14331,2.14417,1.00,1.00
2016.03.15 07:01:31.199,2.14327,2.14417,1.50,1.50
2016.03.15 07:01:31.350,2.14327,2.14415,1.00,1.00
2016.03.15 07:01:31.661,2.14331,2.14416,1.00,1.00
2016.03.15 07:01:31.851,2.14328,2.14416,1.00,1.00
2016.03.15 07:01:31.952,2.14333,2.14416,1.00,1.00
2016.03.15 07:01:32.353,2.14331,2.14416,1.00,1.00
2016.03.15 07:01:32.817,2.14327,2.14416,1.00,1.00
2016.03.15 07:01:33.118,2.14329,2.14416,1.00,1.00
2016.03.15 07:01:33.169,2.14329,2.14419,1.00,1.00
2016.03.15 07:01:33.709,2.1433,2.14418,1.00,1.00
2016.03.15 07:01:34.161,2.14333,2.14421,1.00,1.00
2016.03.15 07:01:34.664,2.14337,2.14421,1.00,1.00
2016.03.15 07:01:35.066,2.14337,2.14418,1.00,1.00
2016.03.15 07:01:35.388,2.14327,2.14408,1.50,1.00
2016.03.15 07:01:35.439,2.14327,2.1441,1.00,1.00
2016.03.15 07:01:35.623,2.14327,2.14408,1.50,1.00
2016.03.15 07:01:37.942,2.14326,2.14407,1.00,1.00
2016.03.15 07:01:38.262,2.14324,2.14407,1.00,1.50
2016.03.15 07:01:39.032,2.14325,2.14407,1.00,1.50
2016.03.15 07:01:39.533,2.1433,2.14407,1.00,1.00
2016.03.15 07:01:40.145,2.14328,2.14407,1.00,1.00
2016.03.15 07:01:40.522,2.14328,2.14409,1.00,1.00
2016.03.15 07:01:45.846,2.1433,2.14409,1.00,1.00
2016.03.15 07:01:46.389,2.14329,2.1441,1.00,1.00
2016.03.15 07:01:46.548,2.1433,2.14413,1.00,1.00
2016.03.15 07:01:46.649,2.14334,2.1442,1.00,1.00
2016.03.15 07:01:46.750,2.14342,2.14426,1.00,1.00
2016.03.15 07:01:46.951,2.1435,2.14436,1.00,1.00
2016.03.15 07:01:47.052,2.1435,2.14434,1.00,1.00
2016.03.15 07:01:47.539,2.14355,2.14437,1.00,1.50
2016.03.15 07:01:47.850,2.1435,2.14437,1.00,1.50
2016.03.15 07:01:47.951,2.14349,2.14435,1.00,1.00
2016.03.15 07:01:48.452,2.1435,2.14434,1.00,1.00
2016.03.15 07:01:48.985,2.14349,2.14435,1.00,1.00
2016.03.15 07:01:49.514,2.1435,2.14436,1.00,1.00
2016.03.15 07:01:49.774,2.14348,2.14436,1.00,1.00
2016.03.15 07:01:50.098,2.14347,2.14434,1.00,1.00
2016.03.15 07:01:50.613,2.14348,2.14434,1.00,1.00
2016.03.15 07:01:54.206,2.14343,2.14436,1.00,1.00
2016.03.15 07:01:54.263,2.14347,2.14436,1.00,1.00
2016.03.15 07:01:57.305,2.14347,2.14434,1.00,1.00
2016.03.15 07:01:59.114,2.14348,2.14436,1.00,1.00
2016.03.15 07:01:59.867,2.14348,2.14435,1.00,1.00
2016.03.15 07:01:59.968,2.14345,2.14434,1.00,1.00
2016.03.15 07:02:00.119,2.14347,2.14436,1.00,1.00
2016.03.15 07:02:00.289,2.14344,2.14434,1.50,1.00
2016.03.15 07:02:00.390,2.14345,2.14436,1.00,1.50
2016.03.15 07:02:00.582,2.14345,2.14434,1.00,1.00
2016.03.15 07:02:00.890,2.14346,2.14436,1.00,1.00
2016.03.15 07:02:01.586,2.14346,2.14434,1.00,1.00
2016.03.15 07:02:02.320,2.14344,2.14434,1.50,1.00
2016.03.15 07:02:03.028,2.14344,2.14432,1.50,1.00
2016.03.15 07:02:03.129,2.14344,2.14436,1.50,1.00
2016.03.15 07:02:03.230,2.14345,2.14433,1.00,1.00
2016.03.15 07:02:04.233,2.14345,2.14435,1.00,1.00
2016.03.15 07:02:05.594,2.14346,2.14433,1.00,1.00
2016.03.15 07:02:05.895,2.14345,2.14435,1.00,1.00
2016.03.15 07:02:09.502,2.14345,2.14434,1.00,1.00
2016.03.15 07:02:10.604,2.14344,2.14436,1.00,1.50
2016.03.15 07:02:10.705,2.14344,2.14433,1.00,1.00
2016.03.15 07:02:11.113,2.14344,2.14435,1.00,1.00
2016.03.15 07:02:11.214,2.14344,2.14433,1.50,1.00
2016.03.15 07:02:12.333,2.14344,2.14435,1.50,1.00
2016.03.15 07:02:12.434,2.14351,2.14436,1.00,1.00
2016.03.15 07:02:13.011,2.14352,2.14436,1.00,1.00
2016.03.15 07:02:13.212,2.14355,2.14446,1.00,1.50
2016.03.15 07:02:13.414,2.14355,2.14444,1.00,1.00
2016.03.15 07:02:15.717,2.14354,2.14444,1.00,1.00
2016.03.15 07:02:16.293,2.14344,2.14418,1.50,1.00
2016.03.15 07:02:16.546,2.14339,2.14427,1.00,1.34
2016.03.15 07:02:16.647,2.14342,2.14421,1.00,1.00
2016.03.15 07:02:17.037,2.14342,2.14417,1.00,1.00
2016.03.15 07:02:17.411,2.14338,2.14417,1.00,1.00
2016.03.15 07:02:17.542,2.14341,2.14414,1.00,1.00
2016.03.15 07:02:17.644,2.14341,2.14424,1.00,1.00
2016.03.15 07:02:17.846,2.14341,2.14427,1.00,1.00
2016.03.15 07:02:17.947,2.14343,2.14437,1.37,1.50
2016.03.15 07:02:18.099,2.14354,2.14437,1.00,1.00
2016.03.15 07:02:18.200,2.14347,2.14437,1.00,1.00
2016.03.15 07:02:18.623,2.14347,2.14435,1.00,1.00
2016.03.15 07:02:19.725,2.14347,2.14438,1.00,1.00
2016.03.15 07:02:20.601,2.14351,2.14438,1.00,1.00
2016.03.15 07:02:20.922,2.14354,2.14439,1.00,1.00
2016.03.15 07:02:20.973,2.14354,2.14442,1.00,1.00
2016.03.15 07:02:21.074,2.14357,2.14446,1.84,1.00
2016.03.15 07:02:21.197,2.14363,2.14453,1.00,1.00
2016.03.15 07:02:21.709,2.14363,2.14452,1.00,1.00
2016.03.15 07:02:22.562,2.14363,2.14451,1.00,1.00
2016.03.15 07:02:22.732,2.14363,2.14449,1.00,1.00
2016.03.15 07:02:23.869,2.14363,2.14439,1.00,1.00
2016.03.15 07:02:23.920,2.14356,2.14439,1.12,1.00
2016.03.15 07:02:23.970,2.14356,2.14435,1.00,1.00
2016.03.15 07:02:24.021,2.14346,2.14435,1.12,1.00
2016.03.15 07:02:24.172,2.14346,2.14438,1.00,1.00
2016.03.15 07:02:24.223,2.14343,2.14438,1.00,1.00
2016.03.15 07:02:24.274,2.14343,2.14435,1.00,1.00
2016.03.15 07:02:25.084,2.14343,2.14434,1.50,1.00
2016.03.15 07:02:25.531,2.14353,2.14435,1.00,1.00
2016.03.15 07:02:25.581,2.14353,2.14447,1.00,1.50
2016.03.15 07:02:25.683,2.14354,2.14438,1.00,1.00
2016.03.15 07:02:25.784,2.14354,2.14445,1.00,1.00
2016.03.15 07:02:25.885,2.14354,2.14441,1.00,1.00
2016.03.15 07:02:26.133,2.14354,2.14443,1.00,1.00
2016.03.15 07:02:26.882,2.14354,2.14441,1.00,1.00
2016.03.15 07:02:28.142,2.14354,2.1444,1.00,1.00
2016.03.15 07:02:28.804,2.14354,2.14441,1.37,1.00
2016.03.15 07:02:29.016,2.14353,2.1444,1.00,1.00
2016.03.15 07:02:29.192,2.14353,2.14441,1.37,1.00
2016.03.15 07:02:29.445,2.14363,2.14451,1.50,1.00
2016.03.15 07:02:30.435,2.14365,2.14455,1.00,1.00
2016.03.15 07:02:31.052,2.14366,2.14456,1.00,1.00
2016.03.15 07:02:31.449,2.14364,2.14454,1.00,1.00
2016.03.15 07:02:32.706,2.14365,2.14455,1.00,1.00
2016.03.15 07:02:33.052,2.14363,2.14454,1.50,1.00
2016.03.15 07:02:33.559,2.14364,2.14453,1.00,1.00
2016.03.15 07:02:34.205,2.14363,2.14453,1.50,1.00
2016.03.15 07:02:34.763,2.14363,2.14455,1.00,1.00
2016.03.15 07:02:35.461,2.14369,2.14454,1.00,1.00
2016.03.15 07:02:36.571,2.14369,2.14457,1.00,1.00
2016.03.15 07:02:36.672,2.14373,2.14458,1.00,1.00
2016.03.15 07:02:37.223,2.14373,2.14457,1.00,1.00
2016.03.15 07:02:38.296,2.14374,2.14457,1.00,1.00
2016.03.15 07:02:39.030,2.14373,2.14456,1.00,1.00
2016.03.15 07:02:43.169,2.14373,2.14455,1.00,1.00
2016.03.15 07:02:43.598,2.14365,2.14455,1.00,1.00
2016.03.15 07:02:44.174,2.14364,2.14455,1.00,1.00
2016.03.15 07:02:44.301,2.14366,2.14454,1.00,1.00
2016.03.15 07:02:44.608,2.14373,2.14454,1.00,1.00
2016.03.15 07:02:44.910,2.14373,2.14457,1.00,1.00
2016.03.15 07:02:45.011,2.14379,2.14475,1.00,1.50
2016.03.15 07:02:45.112,2.14383,2.14477,1.00,1.50
2016.03.15 07:02:45.618,2.14386,2.14477,1.00,1.00
2016.03.15 07:02:46.210,2.14394,2.14479,1.00,1.00
2016.03.15 07:02:46.332,2.14386,2.14477,1.00,1.00
2016.03.15 07:02:46.684,2.1439,2.14477,1.00,1.00
2016.03.15 07:02:47.525,2.14389,2.14477,1.00,1.00
2016.03.15 07:02:49.830,2.14389,2.14476,1.00,1.00
2016.03.15 07:02:53.030,2.14389,2.14478,1.00,1.00
2016.03.15 07:02:53.131,2.14386,2.14476,1.00,1.00
2016.03.15 07:02:53.332,2.14384,2.14471,1.00,1.00
2016.03.15 07:02:53.635,2.1437,2.14456,1.00,1.00
2016.03.15 07:02:53.806,2.14363,2.14455,1.50,1.00
2016.03.15 07:02:54.008,2.14364,2.14451,1.00,1.00
2016.03.15 07:02:54.816,2.14363,2.14452,1.00,1.00
2016.03.15 07:02:55.317,2.14363,2.14451,1.00,1.00
2016.03.15 07:02:56.770,2.14357,2.14451,1.50,1.00
2016.03.15 07:02:58.613,2.14357,2.1445,1.00,1.00
2016.03.15 07:02:59.214,2.14358,2.14451,1.00,1.00
2016.03.15 07:02:59.315,2.14356,2.14449,1.00,1.00
2016.03.15 07:02:59.414,2.14356,2.14453,1.00,1.00
2016.03.15 07:02:59.615,2.14359,2.14454,1.00,1.00
2016.03.15 07:03:00.016,2.14357,2.1445,1.00,1.00
2016.03.15 07:03:00.893,2.1436,2.14454,1.00,1.00
2016.03.15 07:03:00.946,2.14357,2.14454,1.00,1.00
2016.03.15 07:03:01.338,2.14359,2.14454,1.00,1.00
2016.03.15 07:03:01.619,2.14356,2.14454,1.00,1.00
2016.03.15 07:03:02.220,2.14358,2.14456,1.00,1.00
2016.03.15 07:03:02.822,2.14356,2.14456,1.00,1.00
2016.03.15 07:03:03.023,2.14357,2.14452,1.00,1.00
2016.03.15 07:03:03.346,2.14357,2.14457,1.00,1.50
2016.03.15 07:03:03.952,2.14356,2.14456,1.50,1.00
2016.03.15 07:03:04.055,2.14357,2.14453,1.00,1.00
2016.03.15 07:03:04.156,2.14358,2.14456,1.00,1.00
2016.03.15 07:03:04.358,2.14365,2.14456,1.00,1.00
2016.03.15 07:03:05.627,2.14364,2.14455,1.00,1.00
2016.03.15 07:03:06.443,2.14364,2.14453,1.00,1.00
2016.03.15 07:03:07.361,2.14369,2.14456,1.34,1.50
2016.03.15 07:03:07.664,2.14381,2.14456,1.00,1.00
2016.03.15 07:03:07.715,2.14372,2.14456,1.34,1.00
2016.03.15 07:03:07.900,2.14374,2.14456,1.09,1.00
2016.03.15 07:03:08.417,2.14372,2.14455,1.34,1.00
2016.03.15 07:03:08.630,2.14372,2.14455,1.00,1.00
2016.03.15 07:03:08.681,2.1437,2.14449,1.00,1.00
2016.03.15 07:03:08.783,2.14364,2.14447,1.00,1.00
2016.03.15 07:03:09.327,2.14364,2.14446,1.00,1.00
2016.03.15 07:03:10.455,2.14364,2.14448,1.00,1.00
2016.03.15 07:03:10.656,2.14364,2.14446,1.00,1.00
2016.03.15 07:03:10.960,2.14355,2.14446,1.00,1.50
2016.03.15 07:03:11.445,2.14368,2.14445,1.00,1.00
2016.03.15 07:03:12.239,2.14369,2.14445,1.00,1.00
2016.03.15 07:03:13.787,2.14362,2.14446,1.00,1.50
2016.03.15 07:03:13.947,2.14364,2.14454,1.00,1.00
2016.03.15 07:03:14.430,2.14372,2.14455,1.84,1.00
2016.03.15 07:03:14.540,2.14381,2.14455,1.00,1.00
2016.03.15 07:03:14.642,2.14376,2.14456,1.00,1.00
2016.03.15 07:03:14.693,2.14373,2.1446,1.50,1.00
2016.03.15 07:03:14.743,2.14373,2.14456,1.00,1.00
2016.03.15 07:03:14.794,2.14367,2.14455,1.12,1.00
2016.03.15 07:03:15.363,2.14367,2.14456,1.12,1.50
2016.03.15 07:03:15.905,2.14364,2.14455,1.75,1.00
2016.03.15 07:03:15.956,2.14364,2.14449,1.75,1.00
2016.03.15 07:03:16.057,2.14364,2.14449,1.00,1.00
2016.03.15 07:03:16.648,2.14363,2.14449,1.00,1.00
2016.03.15 07:03:16.868,2.14366,2.14448,1.00,1.00
2016.03.15 07:03:19.854,2.14365,2.14449,1.00,1.00
2016.03.15 07:03:21.777,2.14366,2.14449,1.00,1.00
2016.03.15 07:03:24.188,2.14367,2.14449,1.00,1.00
2016.03.15 07:03:24.371,2.14364,2.14449,1.00,1.00
2016.03.15 07:03:24.681,2.14364,2.14447,1.00,1.00
2016.03.15 07:03:28.560,2.14362,2.14447,1.50,1.00
2016.03.15 07:03:29.413,2.14362,2.14445,1.00,1.00
2016.03.15 07:03:29.922,2.14361,2.14446,1.00,1.00
2016.03.15 07:03:30.182,2.14362,2.14449,1.00,1.00
2016.03.15 07:03:30.819,2.1436,2.14449,1.00,1.50
2016.03.15 07:03:30.921,2.14359,2.14447,1.00,1.00
2016.03.15 07:03:31.022,2.14359,2.14449,1.00,1.50
2016.03.15 07:03:31.476,2.14361,2.14449,1.00,1.50
2016.03.15 07:03:31.776,2.14359,2.14449,1.00,1.00
2016.03.15 07:03:31.959,2.14359,2.14451,1.00,1.00
2016.03.15 07:03:32.244,2.14361,2.14451,1.00,1.00
2016.03.15 07:03:33.652,2.14359,2.14451,1.00,1.00
2016.03.15 07:03:34.846,2.14359,2.14447,1.00,1.00
2016.03.15 07:03:35.192,2.14362,2.14447,1.00,1.00
2016.03.15 07:03:38.021,2.14363,2.14449,1.00,1.00
2016.03.15 07:03:38.123,2.14365,2.14452,1.00,1.00
2016.03.15 07:03:38.409,2.14363,2.1445,1.50,1.00
2016.03.15 07:03:38.510,2.14363,2.14452,1.50,1.00
2016.03.15 07:03:38.712,2.14358,2.14447,1.00,1.84
2016.03.15 07:03:39.017,2.1435,2.14437,1.00,1.00
2016.03.15 07:03:39.195,2.14347,2.14436,1.00,1.50
2016.03.15 07:03:39.616,2.1435,2.14436,1.00,1.00
2016.03.15 07:03:40.519,2.14351,2.14436,1.00,1.00
2016.03.15 07:03:40.830,2.14347,2.14436,1.00,1.00
2016.03.15 07:03:41.097,2.1435,2.14436,1.00,1.00
2016.03.15 07:03:42.860,2.1435,2.14426,1.00,1.00
2016.03.15 07:03:44.333,2.14346,2.14426,1.00,1.00
2016.03.15 07:03:44.534,2.14359,2.14427,1.00,1.00
2016.03.15 07:03:45.141,2.14345,2.14427,1.00,1.00
2016.03.15 07:03:45.192,2.14345,2.14432,1.00,1.00
2016.03.15 07:03:46.707,2.14343,2.14432,1.00,1.00
2016.03.15 07:03:47.393,2.14343,2.14426,1.00,1.00
2016.03.15 07:03:47.444,2.14341,2.14426,1.00,1.00
2016.03.15 07:03:48.730,2.14376,2.14426,1.84,1.00
2016.03.15 07:03:48.831,2.14384,2.14441,1.34,1.00
2016.03.15 07:03:48.882,2.14384,2.14447,1.34,1.00
2016.03.15 07:03:48.998,2.14384,2.14463,1.34,1.00
2016.03.15 07:03:49.049,2.1438,2.14456,1.34,1.00
2016.03.15 07:03:49.251,2.14392,2.14462,1.09,1.00
2016.03.15 07:03:49.513,2.14392,2.14464,1.09,1.00
2016.03.15 07:03:49.954,2.14398,2.14463,1.00,1.00
2016.03.15 07:03:50.156,2.14373,2.14456,1.34,1.00
2016.03.15 07:03:50.296,2.14373,2.14457,1.34,1.00
2016.03.15 07:03:50.347,2.14373,2.14457,1.00,1.00
2016.03.15 07:03:50.448,2.14368,2.14457,1.00,1.00
2016.03.15 07:03:50.750,2.14365,2.14453,1.00,1.00
2016.03.15 07:03:51.059,2.14387,2.14443,1.00,1.00
2016.03.15 07:03:51.160,2.14358,2.14442,1.37,1.00
2016.03.15 07:03:51.663,2.14358,2.14441,1.00,1.00
2016.03.15 07:03:52.118,2.14382,2.14441,1.00,1.00
2016.03.15 07:03:53.019,2.14383,2.14442,1.00,1.00
2016.03.15 07:03:55.023,2.14385,2.14441,1.00,1.00
2016.03.15 07:03:55.123,2.14362,2.14442,1.00,1.00
2016.03.15 07:03:55.375,2.14362,2.14442,1.00,1.34
2016.03.15 07:03:55.650,2.14352,2.1444,1.00,1.09
2016.03.15 07:03:55.724,2.14367,2.1444,1.00,1.09
2016.03.15 07:03:56.137,2.14352,2.14431,1.00,1.00
2016.03.15 07:03:56.640,2.14351,2.14431,1.00,1.00
2016.03.15 07:03:56.741,2.14369,2.14431,1.00,1.00
2016.03.15 07:03:56.930,2.14353,2.14434,1.00,1.00
2016.03.15 07:03:57.032,2.14355,2.14437,1.00,1.00
2016.03.15 07:03:57.238,2.14359,2.14436,1.00,1.00
2016.03.15 07:03:57.289,2.14359,2.1444,1.00,1.00
2016.03.15 07:03:57.541,2.14361,2.1444,1.00,1.00
2016.03.15 07:03:57.870,2.14375,2.14441,1.00,1.00
2016.03.15 07:03:58.287,2.14374,2.14436,1.00,1.00
2016.03.15 07:03:58.638,2.14362,2.14436,1.00,1.00
2016.03.15 07:03:58.731,2.14372,2.14436,1.00,1.00
2016.03.15 07:03:59.032,2.14373,2.14439,1.00,1.00
2016.03.15 07:03:59.354,2.14362,2.14442,1.00,1.00
2016.03.15 07:03:59.833,2.14374,2.14442,1.00,1.00
2016.03.15 07:04:00.349,2.14374,2.14441,1.00,1.00
2016.03.15 07:04:01.136,2.14374,2.14442,1.00,1.00
2016.03.15 07:04:01.669,2.14375,2.14441,1.00,1.00
2016.03.15 07:04:01.737,2.14375,2.14443,1.00,1.00
2016.03.15 07:04:02.110,2.14375,2.14437,1.00,1.00
2016.03.15 07:04:02.160,2.14362,2.14437,1.00,1.00
2016.03.15 07:04:02.261,2.14362,2.14445,1.00,1.00
2016.03.15 07:04:03.572,2.14354,2.14445,1.00,1.00
2016.03.15 07:04:03.876,2.14351,2.14444,1.00,1.00
2016.03.15 07:04:04.185,2.14353,2.14443,1.00,1.00
2016.03.15 07:04:04.477,2.14351,2.14443,1.00,1.00
2016.03.15 07:04:04.578,2.14373,2.14441,1.00,1.00
2016.03.15 07:04:04.897,2.14372,2.14436,1.00,1.00
2016.03.15 07:04:06.953,2.14373,2.14435,1.00,1.00
2016.03.15 07:04:07.950,2.14354,2.14438,1.00,1.00
2016.03.15 07:04:08.459,2.14354,2.14437,1.00,1.00
2016.03.15 07:04:09.553,2.14374,2.14437,1.00,1.00
2016.03.15 07:04:10.767,2.14354,2.14438,1.00,1.00
2016.03.15 07:04:11.695,2.14354,2.14436,1.50,1.00
2016.03.15 07:04:11.997,2.14361,2.14438,1.00,1.00
2016.03.15 07:04:12.324,2.14361,2.14436,1.00,1.00
2016.03.15 07:04:12.826,2.14354,2.14436,1.00,1.00
2016.03.15 07:04:12.960,2.14354,2.14438,1.00,1.00
2016.03.15 07:04:13.278,2.14377,2.14438,1.00,1.00
2016.03.15 07:04:13.782,2.14354,2.14436,1.00,1.00
2016.03.15 07:04:14.184,2.14355,2.14438,1.00,1.00
2016.03.15 07:04:14.790,2.14354,2.14438,1.50,1.00
2016.03.15 07:04:16.346,2.14353,2.14438,1.50,1.00
2016.03.15 07:04:16.946,2.14353,2.14439,1.00,1.00
2016.03.15 07:04:17.250,2.14369,2.14438,1.84,1.00
2016.03.15 07:04:17.537,2.14442,2.14492,1.00,1.50
2016.03.15 07:04:17.588,2.14441,2.14497,1.00,1.00
2016.03.15 07:04:17.689,2.14441,2.14525,1.00,1.37
2016.03.15 07:04:17.740,2.14441,2.14525,1.00,1.00
2016.03.15 07:04:17.791,2.14433,2.14527,1.00,1.00
2016.03.15 07:04:17.842,2.14433,2.14529,1.00,1.00
2016.03.15 07:04:17.993,2.14433,2.14526,1.00,1.00
2016.03.15 07:04:18.295,2.14427,2.14522,1.37,1.00
2016.03.15 07:04:18.504,2.14422,2.14514,1.00,1.00
2016.03.15 07:04:18.674,2.14442,2.14514,1.00,1.00
2016.03.15 07:04:19.388,2.14422,2.14514,1.00,1.00
2016.03.15 07:04:19.956,2.14422,2.1451,1.00,1.00
2016.03.15 07:04:20.329,2.14443,2.14509,1.00,1.00
2016.03.15 07:04:20.493,2.14434,2.14509,1.00,1.00
2016.03.15 07:04:20.619,2.14428,2.14509,1.00,1.00
2016.03.15 07:04:20.721,2.14422,2.14508,1.00,1.00
2016.03.15 07:04:21.074,2.14425,2.14508,1.00,1.00
2016.03.15 07:04:22.576,2.14425,2.14505,1.00,1.00
2016.03.15 07:04:22.829,2.14401,2.14493,1.34,1.00
2016.03.15 07:04:22.980,2.14401,2.14489,1.00,1.00
2016.03.15 07:04:23.174,2.14402,2.14487,1.00,1.00
2016.03.15 07:04:23.480,2.14392,2.14479,1.00,1.00
2016.03.15 07:04:23.680,2.14392,2.14474,1.00,1.00
2016.03.15 07:04:24.200,2.14392,2.14473,1.00,1.00
2016.03.15 07:04:24.503,2.14391,2.14468,1.00,1.00
2016.03.15 07:04:24.982,2.14392,2.1447,1.00,1.00
2016.03.15 07:04:25.411,2.14402,2.1447,1.00,1.00
2016.03.15 07:04:25.716,2.14403,2.14468,1.00,1.00
2016.03.15 07:04:25.784,2.14392,2.14469,1.00,1.00
2016.03.15 07:04:26.388,2.14411,2.14466,1.00,1.00
2016.03.15 07:04:26.488,2.14382,2.1446,1.00,1.00
2016.03.15 07:04:26.589,2.14382,2.14463,1.00,1.00
2016.03.15 07:04:27.117,2.14381,2.14464,1.00,1.00
2016.03.15 07:04:27.514,2.1441,2.14463,1.00,1.00
2016.03.15 07:04:27.615,2.14381,2.14464,1.00,1.00
2016.03.15 07:04:27.716,2.14381,2.1446,1.00,1.00
2016.03.15 07:04:27.817,2.14381,2.14462,1.00,1.00
2016.03.15 07:04:28.586,2.14371,2.14462,1.50,1.00
2016.03.15 07:04:28.637,2.14373,2.14462,1.00,1.00
2016.03.15 07:04:28.738,2.14371,2.14462,1.50,1.00
2016.03.15 07:04:28.890,2.14372,2.14457,1.00,1.00
2016.03.15 07:04:29.368,2.14372,2.14457,1.34,1.00
2016.03.15 07:04:29.615,2.14371,2.14459,1.34,1.00
2016.03.15 07:04:30.049,2.14371,2.14459,1.34,1.00
2016.03.15 07:04:30.381,2.14371,2.1446,2.59,1.00
2016.03.15 07:04:30.821,2.14412,2.14461,1.00,1.00
2016.03.15 07:04:30.922,2.14371,2.14461,3.34,1.00
2016.03.15 07:04:31.074,2.14371,2.14461,1.84,1.00
2016.03.15 07:04:31.225,2.14372,2.1446,1.34,1.00
2016.03.15 07:04:31.276,2.14372,2.1446,1.34,1.00
2016.03.15 07:04:31.897,2.14372,2.14457,1.34,1.00
2016.03.15 07:04:32.540,2.14372,2.14457,1.34,1.00
2016.03.15 07:04:34.330,2.14372,2.14457,1.34,1.00
2016.03.15 07:04:34.975,2.14372,2.14457,1.84,1.00
2016.03.15 07:04:35.227,2.14371,2.14459,2.59,1.00
2016.03.15 07:04:35.303,2.14371,2.14457,2.59,1.00
2016.03.15 07:04:35.539,2.14371,2.14457,1.34,1.00
2016.03.15 07:04:36.049,2.14382,2.14457,1.34,1.00
2016.03.15 07:04:36.945,2.144,2.14457,1.00,1.00
2016.03.15 07:04:38.329,2.144,2.14457,1.34,1.00
2016.03.15 07:04:38.430,2.14397,2.14466,1.84,1.00
2016.03.15 07:04:38.481,2.14397,2.14476,1.84,1.00
2016.03.15 07:04:38.582,2.14384,2.14468,1.34,1.00
2016.03.15 07:04:39.049,2.14381,2.14467,1.34,1.00
2016.03.15 07:04:39.411,2.14402,2.14467,1.00,1.00
2016.03.15 07:04:40.213,2.14402,2.14464,1.00,1.00
2016.03.15 07:04:40.313,2.14381,2.14466,1.34,1.00
2016.03.15 07:04:40.413,2.14381,2.14464,1.34,1.00
2016.03.15 07:04:40.939,2.14374,2.14463,1.84,1.00
2016.03.15 07:04:41.415,2.14398,2.14464,1.00,1.00
2016.03.15 07:04:41.717,2.14372,2.14461,1.84,1.00
2016.03.15 07:04:42.217,2.14373,2.14463,1.34,1.00
2016.03.15 07:04:43.553,2.14372,2.14462,1.34,1.00
2016.03.15 07:04:44.299,2.14371,2.14461,1.34,1.00
2016.03.15 07:04:44.806,2.14371,2.14462,1.34,1.00
2016.03.15 07:04:44.857,2.14371,2.14456,1.34,1.00
2016.03.15 07:04:46.826,2.14372,2.14454,1.34,1.00
2016.03.15 07:04:49.257,2.14372,2.14456,1.34,1.00
2016.03.15 07:04:50.032,2.14374,2.14452,1.34,1.00
2016.03.15 07:04:50.346,2.144,2.14452,1.00,1.00
2016.03.15 07:04:50.547,2.14372,2.1445,1.34,1.00
2016.03.15 07:04:51.051,2.14372,2.14449,1.34,1.00
2016.03.15 07:04:51.335,2.14397,2.14449,1.00,1.00
2016.03.15 07:04:53.982,2.14371,2.14447,1.34,1.00
2016.03.15 07:04:54.039,2.14371,2.14449,1.34,1.00
2016.03.15 07:04:54.564,2.14372,2.1445,1.34,1.00
2016.03.15 07:04:55.443,2.14399,2.1445,1.00,1.00
2016.03.15 07:04:55.943,2.14372,2.14449,1.34,1.00
2016.03.15 07:04:56.186,2.14371,2.14451,1.34,1.00
2016.03.15 07:04:56.359,2.14397,2.1445,1.00,1.00
2016.03.15 07:04:57.148,2.14381,2.1445,1.00,1.00
2016.03.15 07:04:58.862,2.14381,2.14451,1.00,1.00
2016.03.15 07:04:59.263,2.14381,2.14449,1.00,1.00
2016.03.15 07:04:59.829,2.14381,2.14448,1.00,1.00
2016.03.15 07:05:00.345,2.14381,2.14449,1.00,1.00
2016.03.15 07:05:01.350,2.14371,2.1445,1.34,1.00
2016.03.15 07:05:01.858,2.14371,2.14451,1.34,1.00
2016.03.15 07:05:02.609,2.14395,2.14449,1.00,1.00
2016.03.15 07:05:02.836,2.14372,2.14448,1.34,1.00
2016.03.15 07:05:02.979,2.14371,2.14451,1.34,1.00
2016.03.15 07:05:03.380,2.14371,2.14449,1.34,1.00
2016.03.15 07:05:03.695,2.14394,2.14449,1.00,1.00
2016.03.15 07:05:05.083,2.14371,2.1445,1.34,1.00
2016.03.15 07:05:05.312,2.1439,2.14448,1.00,1.00
2016.03.15 07:05:05.413,2.14364,2.14446,1.00,1.00
2016.03.15 07:05:05.514,2.14361,2.14443,1.50,1.00
2016.03.15 07:05:05.837,2.14362,2.14443,1.34,1.00
2016.03.15 07:05:06.355,2.14362,2.14441,1.34,1.00
2016.03.15 07:05:06.706,2.14362,2.14443,1.34,1.00
2016.03.15 07:05:06.857,2.14362,2.14443,1.00,1.00
2016.03.15 07:05:06.908,2.14371,2.14434,1.00,1.00
2016.03.15 07:05:07.009,2.14361,2.14436,1.00,1.00
2016.03.15 07:05:07.130,2.14361,2.14439,1.34,1.00
2016.03.15 07:05:07.408,2.14361,2.14439,1.34,1.00
2016.03.15 07:05:07.615,2.14361,2.14436,1.34,1.00
2016.03.15 07:05:07.817,2.14361,2.14438,1.34,1.00
2016.03.15 07:05:08.018,2.14367,2.14439,1.00,1.00
2016.03.15 07:05:08.312,2.14361,2.14436,1.34,1.00
2016.03.15 07:05:09.016,2.14361,2.14435,1.34,1.00
2016.03.15 07:05:09.767,2.14361,2.14436,1.34,1.50
2016.03.15 07:05:09.818,2.14361,2.14433,1.34,1.00
2016.03.15 07:05:10.420,2.14361,2.14435,1.34,1.00
2016.03.15 07:05:11.701,2.14362,2.14436,1.09,1.50
2016.03.15 07:05:11.852,2.14371,2.14436,1.00,1.00
2016.03.15 07:05:13.698,2.14371,2.14441,1.00,1.00
2016.03.15 07:05:14.737,2.14371,2.14442,1.00,1.00
2016.03.15 07:05:15.338,2.14371,2.14444,1.00,1.00
2016.03.15 07:05:16.403,2.14371,2.14443,1.00,1.00
2016.03.15 07:05:16.555,2.14362,2.14442,1.00,1.00
2016.03.15 07:05:16.609,2.14362,2.1444,1.00,1.00
2016.03.15 07:05:16.911,2.14361,2.14436,1.00,1.00
2016.03.15 07:05:17.213,2.14361,2.14434,1.00,1.00
2016.03.15 07:05:17.445,2.14361,2.14436,1.00,1.00
2016.03.15 07:05:17.946,2.14361,2.14433,1.00,1.00
2016.03.15 07:05:18.248,2.14361,2.14436,1.00,1.50
2016.03.15 07:05:18.795,2.14361,2.14435,1.00,1.00
2016.03.15 07:05:18.896,2.14352,2.14436,1.00,1.00
2016.03.15 07:05:19.333,2.14362,2.14437,1.00,1.00
2016.03.15 07:05:20.111,2.14362,2.14438,1.50,1.00
2016.03.15 07:05:20.612,2.14362,2.14439,1.00,1.00
2016.03.15 07:05:22.870,2.14362,2.14437,1.00,1.00
2016.03.15 07:05:23.968,2.14353,2.14437,1.00,1.00
2016.03.15 07:05:24.019,2.14361,2.14443,1.00,1.00
2016.03.15 07:05:24.119,2.14354,2.14441,1.00,1.00
2016.03.15 07:05:24.820,2.14354,2.14442,1.00,1.00
2016.03.15 07:05:25.353,2.14354,2.14438,1.00,1.00
2016.03.15 07:05:25.655,2.14352,2.14438,1.00,1.00
2016.03.15 07:05:25.756,2.14352,2.14435,1.00,1.00
2016.03.15 07:05:26.086,2.14362,2.14444,1.00,1.00
2016.03.15 07:05:26.426,2.14366,2.14446,1.50,1.00
2016.03.15 07:05:27.040,2.14368,2.14446,1.00,1.00
2016.03.15 07:05:28.481,2.14368,2.14451,1.00,1.00
2016.03.15 07:05:29.237,2.14367,2.14452,1.00,1.00
2016.03.15 07:05:31.478,2.14366,2.14452,1.50,1.00
2016.03.15 07:05:31.579,2.14367,2.14446,1.00,1.00
2016.03.15 07:05:32.551,2.14365,2.14446,1.00,1.00
2016.03.15 07:05:33.093,2.14366,2.14446,1.00,1.00
2016.03.15 07:05:34.336,2.14367,2.14446,1.00,1.00
2016.03.15 07:05:34.751,2.14367,2.14456,1.00,1.00
2016.03.15 07:05:35.289,2.14365,2.14456,1.00,1.00
2016.03.15 07:05:35.539,2.14375,2.14457,1.00,1.00
2016.03.15 07:05:35.746,2.1438,2.14467,1.00,1.00
2016.03.15 07:05:36.152,2.14382,2.14467,1.00,1.00
2016.03.15 07:05:36.462,2.14384,2.14466,1.00,1.00
2016.03.15 07:05:36.915,2.14378,2.14467,1.00,1.50
2016.03.15 07:05:37.167,2.14383,2.14467,1.00,1.00
2016.03.15 07:05:37.419,2.14393,2.14487,1.00,1.00
2016.03.15 07:05:37.469,2.14393,2.14487,1.37,1.00
2016.03.15 07:05:37.621,2.14403,2.14497,1.00,1.00
2016.03.15 07:05:37.671,2.1441,2.14497,1.00,1.00
2016.03.15 07:05:38.244,2.14411,2.14497,1.00,1.00
2016.03.15 07:05:38.573,2.14413,2.14497,1.00,1.00
2016.03.15 07:05:39.488,2.14412,2.14497,1.00,1.00
2016.03.15 07:05:39.836,2.14407,2.14487,1.00,1.00
2016.03.15 07:05:40.388,2.14409,2.14487,1.00,1.00
2016.03.15 07:05:40.906,2.14408,2.14487,1.00,1.00
2016.03.15 07:05:41.132,2.14412,2.14496,1.00,1.50
2016.03.15 07:05:41.233,2.14404,2.14496,1.37,1.00
2016.03.15 07:05:41.284,2.14402,2.14487,1.37,1.00
2016.03.15 07:05:41.335,2.14402,2.14487,1.00,1.00
2016.03.15 07:05:41.852,2.14402,2.14486,1.00,1.50
2016.03.15 07:05:42.553,2.14403,2.14486,1.00,1.00
2016.03.15 07:05:43.134,2.14403,2.14489,1.00,1.00
2016.03.15 07:05:43.266,2.14403,2.14491,1.00,1.00
2016.03.15 07:05:43.367,2.14403,2.14486,1.00,1.00
2016.03.15 07:05:43.702,2.14405,2.14486,1.00,1.00
2016.03.15 07:05:44.208,2.14404,2.14486,1.00,1.00
2016.03.15 07:05:44.258,2.1441,2.14494,1.00,1.00
2016.03.15 07:05:44.436,2.14414,2.14498,1.00,1.00
2016.03.15 07:05:44.486,2.14419,2.14504,1.00,1.00
2016.03.15 07:05:44.638,2.14422,2.14504,1.00,1.00
2016.03.15 07:05:44.689,2.14423,2.14507,1.00,1.00
2016.03.15 07:05:44.790,2.14427,2.14507,1.00,1.00
2016.03.15 07:05:44.891,2.14427,2.14511,1.00,1.00
2016.03.15 07:05:45.300,2.14423,2.14509,1.00,1.00
2016.03.15 07:05:45.804,2.14424,2.14508,1.50,1.00
2016.03.15 07:05:46.981,2.14422,2.14507,1.00,1.00
2016.03.15 07:05:47.588,2.14423,2.14507,1.00,1.50
2016.03.15 07:05:49.745,2.14423,2.14506,1.00,1.00
2016.03.15 07:05:50.078,2.14421,2.14506,1.00,1.00
2016.03.15 07:05:50.280,2.14422,2.14498,1.00,1.00
2016.03.15 07:05:50.330,2.14415,2.14498,1.00,1.00
2016.03.15 07:05:50.381,2.14411,2.14496,1.50,1.00
2016.03.15 07:05:50.836,2.14413,2.14496,1.00,1.00
2016.03.15 07:05:51.088,2.14432,2.14518,1.00,1.00
2016.03.15 07:05:51.290,2.14433,2.14523,1.00,1.00
2016.03.15 07:05:51.391,2.14432,2.14517,1.50,1.00
2016.03.15 07:05:51.492,2.14428,2.14517,1.00,1.00
2016.03.15 07:05:51.593,2.14426,2.14517,1.00,1.00
2016.03.15 07:05:52.140,2.14427,2.14517,1.00,1.00
2016.03.15 07:05:52.592,2.14429,2.14517,1.00,1.00
2016.03.15 07:05:53.080,2.14423,2.14517,1.37,1.00
2016.03.15 07:05:53.131,2.14419,2.14506,1.37,1.00
2016.03.15 07:05:53.182,2.14416,2.14506,1.00,1.00
2016.03.15 07:05:53.283,2.14414,2.14505,1.00,1.00
2016.03.15 07:05:53.386,2.14404,2.14496,2.25,1.00
2016.03.15 07:05:53.487,2.14404,2.14496,1.50,1.00
2016.03.15 07:05:53.697,2.14402,2.14497,1.00,1.00
2016.03.15 07:05:53.898,2.14395,2.14486,1.00,1.00
2016.03.15 07:05:54.150,2.1439,2.14487,1.75,1.00
2016.03.15 07:05:54.302,2.14393,2.14483,1.00,1.00
2016.03.15 07:05:54.606,2.14385,2.14475,1.00,1.00
2016.03.15 07:05:54.708,2.14382,2.14473,1.00,1.00
2016.03.15 07:05:54.809,2.1438,2.14473,1.00,1.00
2016.03.15 07:05:55.010,2.14382,2.14471,1.00,1.00
2016.03.15 07:05:55.604,2.14387,2.14476,1.00,1.50
2016.03.15 07:05:56.206,2.14389,2.14476,1.00,1.00
2016.03.15 07:05:56.421,2.14389,2.1448,1.00,1.00
2016.03.15 07:05:56.685,2.14387,2.14479,1.00,1.00
2016.03.15 07:05:56.786,2.14394,2.14478,1.00,1.00
2016.03.15 07:05:57.109,2.14387,2.14472,1.00,1.00
2016.03.15 07:05:57.210,2.14385,2.14472,1.00,1.00
2016.03.15 07:05:57.513,2.14384,2.14466,1.00,1.00
2016.03.15 07:05:57.563,2.14382,2.14466,1.00,1.50
2016.03.15 07:05:57.614,2.14382,2.14461,1.00,1.00
2016.03.15 07:05:57.815,2.14382,2.14466,1.00,1.00
2016.03.15 07:05:57.924,2.14391,2.14462,1.00,1.00
2016.03.15 07:05:58.233,2.14391,2.1446,1.00,1.00
2016.03.15 07:05:58.461,2.14376,2.14459,1.00,1.00
2016.03.15 07:05:58.512,2.14372,2.14461,1.00,1.00
2016.03.15 07:05:58.613,2.14372,2.14441,1.00,1.00
2016.03.15 07:05:59.025,2.14372,2.14444,1.00,1.00
2016.03.15 07:05:59.095,2.14372,2.14446,1.00,1.00
2016.03.15 07:05:59.612,2.14371,2.14447,1.00,1.00
2016.03.15 07:06:00.092,2.14372,2.14452,1.00,1.00
2016.03.15 07:06:00.424,2.14372,2.14449,1.00,1.00
2016.03.15 07:06:00.726,2.14372,2.14445,1.00,1.00
2016.03.15 07:06:01.028,2.14372,2.14442,1.00,1.00
2016.03.15 07:06:01.357,2.14363,2.14442,1.00,1.00
2016.03.15 07:06:01.628,2.14364,2.14446,1.00,1.00
2016.03.15 07:06:01.678,2.14372,2.14446,1.00,1.00
2016.03.15 07:06:02.030,2.14362,2.14438,1.00,1.00
2016.03.15 07:06:02.533,2.14362,2.14439,1.00,1.00
2016.03.15 07:06:02.860,2.14371,2.14439,1.00,1.00
2016.03.15 07:06:04.502,2.14371,2.14441,1.00,1.00
2016.03.15 07:06:04.632,2.14371,2.14446,1.00,1.00
2016.03.15 07:06:04.741,2.14372,2.14456,1.00,1.37
2016.03.15 07:06:04.843,2.14378,2.14465,1.00,1.00
2016.03.15 07:06:05.044,2.14372,2.14464,1.00,1.00
2016.03.15 07:06:05.346,2.14372,2.14458,1.00,1.00
2016.03.15 07:06:05.648,2.14372,2.14456,1.50,1.00
2016.03.15 07:06:05.991,2.14381,2.14457,1.00,1.00
2016.03.15 07:06:06.504,2.14381,2.14456,1.00,1.00
2016.03.15 07:06:08.910,2.14382,2.14456,1.00,1.00
2016.03.15 07:06:09.960,2.14382,2.14457,1.00,1.00
2016.03.15 07:06:10.761,2.14382,2.14456,1.00,1.50
2016.03.15 07:06:10.812,2.14372,2.14456,1.00,1.50
2016.03.15 07:06:10.963,2.14374,2.14456,1.00,1.00
2016.03.15 07:06:11.269,2.14371,2.1445,1.00,1.00
2016.03.15 07:06:11.623,2.14372,2.14447,1.00,1.00
2016.03.15 07:06:12.140,2.14365,2.14447,1.00,1.00
2016.03.15 07:06:12.925,2.14364,2.14447,1.00,1.00
2016.03.15 07:06:14.028,2.14365,2.14445,1.00,1.00
2016.03.15 07:06:14.129,2.14363,2.14446,1.00,1.00
2016.03.15 07:06:15.010,2.14362,2.14446,1.00,1.50
2016.03.15 07:06:16.132,2.14364,2.14445,1.00,1.00
2016.03.15 07:06:17.534,2.14363,2.14446,1.00,1.50
2016.03.15 07:06:19.280,2.14365,2.14445,1.00,1.00
2016.03.15 07:06:20.239,2.14363,2.14445,1.00,1.00
2016.03.15 07:06:21.143,2.14361,2.14447,1.00,1.00
2016.03.15 07:06:21.194,2.14361,2.14447,1.34,1.00
2016.03.15 07:06:21.496,2.14362,2.14447,1.84,1.00
2016.03.15 07:06:21.946,2.14371,2.14454,1.09,1.00
2016.03.15 07:06:22.047,2.14371,2.14457,1.09,1.00
2016.03.15 07:06:22.249,2.14373,2.14457,1.00,1.00
2016.03.15 07:06:23.086,2.14372,2.14458,1.50,1.00
2016.03.15 07:06:23.246,2.14372,2.1446,1.50,1.00
2016.03.15 07:06:24.548,2.14372,2.14459,1.00,1.00
2016.03.15 07:06:25.570,2.14374,2.14459,1.00,1.00
2016.03.15 07:06:26.151,2.14373,2.14461,1.00,1.00
2016.03.15 07:06:26.352,2.14373,2.14459,1.00,1.00
2016.03.15 07:06:27.459,2.14372,2.14459,1.00,1.00
2016.03.15 07:06:28.370,2.14372,2.1446,1.00,1.00
2016.03.15 07:06:29.093,2.14377,2.14459,1.00,1.00
2016.03.15 07:06:29.414,2.14372,2.14461,1.00,1.00
2016.03.15 07:06:29.949,2.14371,2.1446,1.09,1.00
2016.03.15 07:06:30.100,2.14374,2.1446,1.00,1.00
2016.03.15 07:06:30.405,2.14365,2.14456,1.34,1.00
2016.03.15 07:06:30.972,2.14364,2.14455,1.34,1.00
2016.03.15 07:06:31.357,2.14377,2.14456,1.00,1.50
2016.03.15 07:06:31.620,2.14364,2.1445,1.34,1.00
2016.03.15 07:06:31.730,2.14364,2.1445,1.34,1.00
2016.03.15 07:06:32.069,2.14374,2.1445,1.00,1.00
2016.03.15 07:06:32.169,2.14364,2.14451,1.34,1.00
2016.03.15 07:06:32.409,2.14361,2.14446,1.34,1.00
2016.03.15 07:06:34.717,2.14362,2.14451,1.34,1.00
2016.03.15 07:06:35.921,2.14371,2.14451,1.00,1.00
2016.03.15 07:06:38.621,2.14371,2.14451,1.34,1.00
2016.03.15 07:06:38.966,2.14378,2.14451,1.00,1.00
2016.03.15 07:06:39.591,2.14377,2.14454,1.00,1.00
2016.03.15 07:06:39.692,2.14372,2.14449,1.00,1.00
2016.03.15 07:06:40.331,2.14372,2.14449,1.34,1.00
2016.03.15 07:06:40.432,2.14372,2.14449,1.34,1.00
2016.03.15 07:06:40.585,2.1438,2.14449,1.00,1.00
2016.03.15 07:06:41.310,2.1438,2.14447,1.00,1.00
2016.03.15 07:06:41.411,2.14371,2.14444,1.00,1.00
2016.03.15 07:06:41.674,2.14375,2.14447,1.00,1.00
2016.03.15 07:06:41.725,2.14372,2.1445,1.00,1.00
2016.03.15 07:06:42.270,2.14372,2.14449,1.00,1.00
2016.03.15 07:06:42.622,2.14372,2.14447,1.00,1.00
2016.03.15 07:06:43.087,2.14374,2.14447,1.00,1.00
2016.03.15 07:06:43.198,2.14371,2.14449,1.00,1.00
2016.03.15 07:06:43.512,2.14372,2.14445,1.00,1.00
2016.03.15 07:06:44.040,2.14372,2.14453,1.84,1.00
2016.03.15 07:06:44.096,2.14372,2.14455,1.34,1.00
2016.03.15 07:06:44.147,2.14381,2.14455,1.00,1.00
2016.03.15 07:06:44.400,2.14381,2.14458,1.00,1.00
2016.03.15 07:06:44.506,2.14381,2.14456,1.00,1.00
2016.03.15 07:06:45.299,2.14381,2.14457,1.00,1.00
2016.03.15 07:06:45.460,2.14374,2.14457,1.50,1.00
2016.03.15 07:06:46.400,2.14373,2.14455,1.00,1.00
2016.03.15 07:06:47.102,2.14373,2.14457,1.00,1.00
2016.03.15 07:06:47.303,2.14373,2.14455,1.00,1.00
2016.03.15 07:06:47.610,2.14371,2.1445,1.00,1.00
2016.03.15 07:06:47.912,2.14361,2.14436,1.00,1.00
2016.03.15 07:06:48.114,2.14352,2.14436,1.00,1.00
2016.03.15 07:06:48.215,2.14352,2.14433,1.00,1.00
2016.03.15 07:06:48.722,2.14351,2.14434,1.00,1.00
2016.03.15 07:06:49.353,2.14351,2.14435,1.00,1.00
2016.03.15 07:06:49.807,2.14352,2.14433,1.00,1.00
2016.03.15 07:06:50.308,2.14351,2.14433,1.00,1.00
2016.03.15 07:06:51.954,2.14362,2.14433,1.00,1.00
2016.03.15 07:06:52.010,2.14364,2.14437,1.00,1.00
2016.03.15 07:06:52.111,2.14363,2.14446,1.00,1.50
2016.03.15 07:06:52.162,2.14372,2.14446,1.00,1.50
2016.03.15 07:06:52.263,2.14372,2.14446,1.00,1.00
2016.03.15 07:06:52.313,2.14372,2.14444,1.00,1.00
2016.03.15 07:06:52.812,2.14371,2.14448,1.00,1.00
2016.03.15 07:06:53.030,2.14382,2.14448,1.00,1.00
2016.03.15 07:06:53.341,2.14382,2.14453,1.00,1.00
2016.03.15 07:06:53.445,2.14381,2.14457,1.00,1.00
2016.03.15 07:06:53.647,2.14381,2.14455,1.00,1.00
2016.03.15 07:06:54.151,2.14371,2.14456,1.00,1.50
2016.03.15 07:06:54.252,2.14382,2.14456,1.00,1.50
2016.03.15 07:06:54.826,2.14381,2.14456,1.00,1.50
2016.03.15 07:06:55.417,2.14381,2.14455,1.00,1.00
2016.03.15 07:06:55.951,2.14381,2.14456,1.00,1.00
2016.03.15 07:06:56.275,2.14381,2.14453,1.00,1.00
2016.03.15 07:06:57.055,2.14381,2.14454,1.00,1.00
2016.03.15 07:06:57.760,2.14372,2.14454,1.00,1.00
2016.03.15 07:06:58.138,2.14372,2.14463,1.34,1.00
2016.03.15 07:06:58.441,2.14392,2.14463,1.09,1.00
2016.03.15 07:06:58.743,2.14401,2.14464,1.00,1.00
2016.03.15 07:06:58.844,2.14401,2.14468,1.00,1.00
2016.03.15 07:06:59.141,2.14401,2.14466,1.00,1.00
2016.03.15 07:06:59.519,2.14401,2.14471,1.00,1.00
2016.03.15 07:07:00.266,2.14401,2.14476,1.00,1.00
2016.03.15 07:07:00.367,2.14401,2.14474,1.00,1.00
2016.03.15 07:07:00.760,2.14401,2.14472,1.00,1.00
2016.03.15 07:07:01.550,2.14401,2.14476,1.00,1.00
2016.03.15 07:07:01.973,2.14401,2.14472,1.00,1.00
2016.03.15 07:07:02.139,2.14401,2.14474,1.00,1.00
2016.03.15 07:07:06.340,2.14391,2.14474,1.09,1.00
2016.03.15 07:07:06.669,2.14402,2.14474,1.00,1.00
2016.03.15 07:07:06.877,2.14402,2.14476,1.00,1.00
2016.03.15 07:07:06.978,2.14402,2.14478,1.00,1.00
2016.03.15 07:07:07.079,2.14402,2.14475,1.00,1.00
2016.03.15 07:07:07.794,2.14402,2.14476,1.00,1.00
2016.03.15 07:07:09.239,2.14402,2.14475,1.00,1.00
2016.03.15 07:07:09.341,2.14393,2.14472,1.00,1.00
2016.03.15 07:07:09.492,2.14393,2.14477,1.00,1.00
2016.03.15 07:07:09.643,2.14402,2.14475,1.00,1.00
2016.03.15 07:07:10.240,2.14402,2.14474,1.00,1.00
2016.03.15 07:07:10.859,2.14402,2.14473,1.00,1.00
2016.03.15 07:07:12.069,2.14402,2.14486,1.34,1.00
2016.03.15 07:07:12.431,2.14405,2.14487,1.34,1.00
2016.03.15 07:07:12.583,2.14403,2.14493,1.84,1.00
2016.03.15 07:07:12.684,2.14403,2.14491,1.84,1.00
2016.03.15 07:07:13.191,2.14403,2.1449,1.34,1.00
2016.03.15 07:07:13.497,2.14403,2.14491,1.84,1.00
2016.03.15 07:07:14.029,2.14403,2.1449,1.34,1.00
2016.03.15 07:07:14.783,2.14403,2.14489,1.34,1.00
2016.03.15 07:07:15.074,2.14413,2.14489,1.00,1.00
2016.03.15 07:07:15.470,2.14411,2.14492,1.00,1.00
2016.03.15 07:07:15.890,2.14411,2.14483,1.00,1.00
2016.03.15 07:07:17.056,2.14413,2.14483,1.00,1.00
2016.03.15 07:07:18.158,2.14412,2.14483,1.00,1.00
2016.03.15 07:07:21.265,2.14402,2.14482,1.34,1.00
2016.03.15 07:07:23.031,2.14402,2.1448,1.34,1.00
2016.03.15 07:07:23.716,2.14404,2.14487,1.34,1.00
2016.03.15 07:07:24.019,2.14416,2.14487,1.00,1.00
2016.03.15 07:07:24.182,2.14421,2.14494,1.00,1.00
2016.03.15 07:07:24.330,2.14431,2.14494,1.34,1.00
2016.03.15 07:07:24.381,2.14439,2.14507,1.34,1.00
2016.03.15 07:07:24.483,2.14432,2.14515,1.71,1.00
2016.03.15 07:07:24.584,2.14432,2.14515,2.21,1.00
2016.03.15 07:07:24.750,2.14435,2.14514,1.34,1.00
2016.03.15 07:07:24.851,2.14437,2.14522,1.34,1.00
2016.03.15 07:07:24.901,2.14444,2.14522,1.00,1.00
2016.03.15 07:07:25.103,2.14447,2.14527,1.00,1.00
2016.03.15 07:07:25.305,2.14443,2.14529,1.09,1.00
2016.03.15 07:07:25.355,2.14442,2.14526,1.84,1.00
2016.03.15 07:07:25.506,2.1445,2.14534,1.00,1.00
2016.03.15 07:07:28.139,2.14452,2.14534,1.00,1.00
2016.03.15 07:07:28.679,2.14451,2.14533,2.62,1.00
2016.03.15 07:07:28.730,2.14451,2.14535,1.00,1.00
2016.03.15 07:07:28.884,2.14456,2.14536,1.00,1.00
2016.03.15 07:07:29.086,2.14451,2.14536,1.50,1.00
2016.03.15 07:07:31.150,2.14451,2.14537,1.00,1.00
2016.03.15 07:07:31.200,2.14451,2.14537,1.37,1.50
2016.03.15 07:07:31.502,2.14457,2.14535,1.50,1.00
2016.03.15 07:07:32.078,2.14457,2.14536,1.50,1.00
2016.03.15 07:07:32.639,2.14458,2.14537,1.00,1.50
2016.03.15 07:07:33.097,2.14461,2.14537,1.50,1.00
2016.03.15 07:07:33.621,2.14462,2.14537,1.50,1.00
2016.03.15 07:07:34.200,2.14461,2.14537,1.00,1.00
2016.03.15 07:07:34.250,2.14461,2.14539,1.00,1.00
2016.03.15 07:07:34.754,2.14462,2.1454,1.00,1.00
2016.03.15 07:07:35.215,2.1446,2.1454,1.12,1.00
2016.03.15 07:07:35.628,2.1446,2.14538,1.00,1.00
2016.03.15 07:07:35.829,2.14457,2.14537,1.00,1.00
2016.03.15 07:07:36.330,2.14456,2.14536,1.50,1.00
2016.03.15 07:07:45.109,2.14446,2.14523,1.87,1.00
2016.03.15 07:07:45.210,2.14448,2.1453,1.00,1.00
2016.03.15 07:07:47.253,2.14447,2.1453,1.00,1.00
2016.03.15 07:07:47.642,2.14457,2.1453,1.34,1.00
2016.03.15 07:07:47.693,2.1446,2.14542,1.34,1.00
2016.03.15 07:07:47.744,2.14468,2.14546,1.34,1.00
2016.03.15 07:07:47.845,2.14473,2.14545,1.00,1.00
2016.03.15 07:07:47.895,2.14473,2.14556,1.00,1.00
2016.03.15 07:07:48.516,2.14472,2.14557,1.00,1.00
2016.03.15 07:07:50.419,2.14473,2.14557,1.00,1.00
2016.03.15 07:07:50.949,2.14471,2.14557,1.00,1.00
2016.03.15 07:07:51.222,2.14474,2.14557,1.00,1.00
2016.03.15 07:07:53.269,2.14472,2.14557,1.00,1.00
2016.03.15 07:07:57.108,2.14472,2.14556,1.00,1.00
2016.03.15 07:07:57.159,2.14474,2.14554,1.00,1.00
2016.03.15 07:07:57.361,2.1448,2.14564,1.00,1.00
2016.03.15 07:07:57.462,2.14478,2.14564,1.00,1.00
2016.03.15 07:07:58.897,2.14478,2.14556,1.00,1.00
2016.03.15 07:07:59.561,2.14479,2.14556,1.00,1.00
2016.03.15 07:07:59.865,2.14479,2.14564,1.00,1.00
2016.03.15 07:07:59.966,2.14479,2.14566,1.00,1.00
2016.03.15 07:08:00.119,2.14479,2.14556,1.00,1.00
2016.03.15 07:08:00.320,2.14479,2.14558,1.00,1.00
2016.03.15 07:08:00.371,2.14478,2.1456,1.00,1.00
2016.03.15 07:08:00.680,2.14474,2.14554,1.00,1.00
2016.03.15 07:08:00.843,2.14464,2.1455,1.37,1.00
2016.03.15 07:08:01.045,2.14464,2.14545,1.00,1.00
2016.03.15 07:08:01.581,2.14464,2.14548,1.00,1.00
2016.03.15 07:08:02.060,2.14462,2.14546,1.00,1.00
2016.03.15 07:08:02.161,2.14459,2.14545,1.00,1.00
2016.03.15 07:08:02.313,2.14459,2.14547,1.00,1.50
2016.03.15 07:08:02.592,2.14468,2.14546,1.00,1.00
2016.03.15 07:08:02.845,2.14458,2.14545,1.00,1.00
2016.03.15 07:08:03.144,2.14457,2.14543,1.50,1.00
2016.03.15 07:08:04.648,2.14458,2.14544,1.00,1.00
2016.03.15 07:08:05.017,2.14455,2.14541,1.37,1.00
2016.03.15 07:08:05.369,2.14454,2.14542,1.50,1.00
2016.03.15 07:08:05.578,2.14455,2.14536,1.00,1.00
2016.03.15 07:08:06.398,2.14456,2.14536,1.00,1.00
2016.03.15 07:08:06.599,2.14456,2.14543,1.00,1.00
2016.03.15 07:08:07.253,2.14457,2.14543,1.00,1.00
2016.03.15 07:08:07.797,2.14456,2.14544,1.00,1.00
2016.03.15 07:08:07.854,2.14456,2.14542,1.00,1.00
2016.03.15 07:08:08.456,2.14456,2.14544,1.00,1.00
2016.03.15 07:08:12.864,2.14455,2.1454,1.00,1.00
2016.03.15 07:08:13.428,2.14455,2.14541,1.00,1.00
2016.03.15 07:08:13.484,2.14455,2.14543,1.00,1.00
2016.03.15 07:08:14.291,2.14457,2.14542,1.00,1.00
2016.03.15 07:08:14.567,2.14454,2.14542,1.50,1.00
2016.03.15 07:08:15.113,2.14454,2.1454,1.00,1.00
2016.03.15 07:08:15.646,2.14454,2.14541,1.00,1.00
2016.03.15 07:08:15.949,2.14456,2.14541,1.00,1.00
2016.03.15 07:08:16.254,2.14455,2.14539,1.00,1.00
2016.03.15 07:08:16.784,2.14456,2.1454,1.00,1.00
2016.03.15 07:08:17.102,2.14455,2.14542,1.00,1.00
2016.03.15 07:08:17.273,2.14455,2.14537,1.00,1.00
2016.03.15 07:08:17.706,2.14455,2.14539,1.00,1.00
2016.03.15 07:08:17.807,2.14456,2.14542,1.00,1.00
2016.03.15 07:08:18.460,2.14457,2.14541,1.50,1.00
2016.03.15 07:08:18.580,2.14455,2.14539,1.00,1.00
2016.03.15 07:08:19.012,2.14454,2.14537,1.50,1.00
2016.03.15 07:08:19.315,2.14449,2.14535,1.00,1.00
2016.03.15 07:08:19.817,2.14448,2.14537,1.00,1.50
2016.03.15 07:08:19.918,2.14449,2.14535,1.00,1.00
2016.03.15 07:08:20.281,2.14452,2.14535,1.00,1.00
2016.03.15 07:08:20.483,2.14449,2.14537,1.00,1.00
2016.03.15 07:08:20.637,2.14453,2.14538,1.00,1.00
2016.03.15 07:08:20.890,2.14451,2.14538,1.00,1.00
2016.03.15 07:08:20.991,2.14452,2.14536,1.00,1.00
2016.03.15 07:08:21.483,2.14453,2.14539,1.00,1.00
2016.03.15 07:08:21.990,2.14454,2.14539,1.00,1.00
2016.03.15 07:08:22.335,2.14454,2.14536,1.00,1.00
2016.03.15 07:08:23.287,2.14453,2.14536,1.00,1.00
2016.03.15 07:08:23.931,2.14453,2.14539,1.50,1.00
2016.03.15 07:08:24.279,2.14471,2.14539,1.00,1.00
2016.03.15 07:08:24.330,2.14472,2.14552,1.00,1.00
2016.03.15 07:08:24.431,2.14478,2.14557,1.00,1.00
2016.03.15 07:08:24.533,2.14478,2.14566,1.00,1.00
2016.03.15 07:08:25.422,2.14471,2.14556,1.87,1.00
2016.03.15 07:08:25.623,2.14462,2.14549,1.00,1.00
2016.03.15 07:08:25.724,2.14461,2.14551,1.00,1.00
2016.03.15 07:08:25.825,2.14463,2.14551,1.00,1.00
2016.03.15 07:08:26.127,2.14472,2.14553,1.00,1.00
2016.03.15 07:08:26.244,2.14463,2.14553,1.00,1.00
2016.03.15 07:08:26.737,2.14467,2.14557,1.00,1.00
2016.03.15 07:08:27.039,2.14471,2.14557,1.00,1.00
2016.03.15 07:08:27.378,2.14469,2.14557,1.00,1.50
2016.03.15 07:08:27.428,2.14475,2.14557,1.00,1.00
2016.03.15 07:08:27.940,2.14481,2.14557,1.00,1.00
2016.03.15 07:08:28.608,2.14476,2.14557,1.00,1.00
2016.03.15 07:08:28.709,2.14471,2.14557,1.00,1.00
2016.03.15 07:08:28.810,2.14472,2.14547,1.00,1.00
2016.03.15 07:08:29.011,2.14471,2.14556,1.00,1.00
2016.03.15 07:08:29.118,2.14469,2.14556,1.00,1.00
2016.03.15 07:08:29.320,2.14471,2.14556,1.00,1.00
2016.03.15 07:08:29.702,2.14474,2.14556,1.00,1.00
2016.03.15 07:08:30.203,2.14466,2.14556,1.00,1.00
2016.03.15 07:08:30.506,2.14468,2.14556,1.00,1.00
2016.03.15 07:08:30.849,2.14471,2.14556,1.00,1.00
2016.03.15 07:08:31.254,2.14476,2.14556,1.00,1.00
2016.03.15 07:08:31.450,2.14474,2.14557,1.00,1.00
2016.03.15 07:08:31.652,2.14477,2.14557,1.00,1.00
2016.03.15 07:08:32.156,2.14478,2.14557,1.00,1.00
2016.03.15 07:08:32.308,2.14476,2.14557,1.00,1.00
2016.03.15 07:08:32.831,2.14478,2.14557,1.00,1.00
2016.03.15 07:08:33.353,2.14478,2.14556,1.00,1.00
2016.03.15 07:08:33.759,2.14476,2.14556,1.00,1.00
2016.03.15 07:08:34.266,2.14476,2.14557,1.00,1.00
2016.03.15 07:08:34.865,2.14478,2.14556,1.00,1.00
2016.03.15 07:08:35.015,2.14476,2.14556,1.00,1.00
2016.03.15 07:08:35.216,2.14478,2.14556,1.00,1.00
2016.03.15 07:08:36.450,2.14476,2.14556,1.00,1.00
2016.03.15 07:08:36.840,2.14468,2.14547,1.00,1.00
2016.03.15 07:08:37.049,2.14472,2.14556,1.00,1.00
2016.03.15 07:08:37.821,2.14473,2.14556,1.00,1.00
2016.03.15 07:08:38.323,2.14465,2.14556,1.00,1.00
2016.03.15 07:08:38.524,2.14463,2.14556,1.00,1.00
2016.03.15 07:08:38.726,2.14468,2.14556,1.00,1.00
2016.03.15 07:08:39.155,2.1447,2.14557,1.00,1.50
2016.03.15 07:08:39.690,2.14469,2.14556,1.00,1.00
2016.03.15 07:08:39.994,2.14471,2.14557,1.00,1.50
2016.03.15 07:08:40.538,2.1447,2.14557,1.00,1.50
2016.03.15 07:08:41.300,2.1447,2.14549,1.00,1.00
2016.03.15 07:08:41.602,2.14469,2.14547,1.00,1.00
2016.03.15 07:08:43.633,2.14466,2.14547,1.00,1.00
2016.03.15 07:08:43.834,2.1446,2.14546,1.00,1.84
2016.03.15 07:08:43.940,2.14458,2.14546,1.00,1.34
2016.03.15 07:08:43.991,2.14458,2.14546,1.00,1.34
2016.03.15 07:08:44.042,2.14459,2.14546,1.00,1.00
2016.03.15 07:08:44.598,2.1446,2.14546,1.00,1.00
2016.03.15 07:08:45.283,2.14461,2.14546,1.00,1.00
2016.03.15 07:08:45.886,2.14462,2.14546,1.00,1.50
2016.03.15 07:08:47.564,2.14461,2.14546,1.00,1.00
2016.03.15 07:08:48.576,2.14462,2.14547,1.00,1.09
2016.03.15 07:08:49.108,2.14463,2.14547,1.00,1.09
2016.03.15 07:08:50.342,2.14458,2.14547,1.00,1.84
2016.03.15 07:08:50.494,2.14453,2.1454,1.00,1.34
2016.03.15 07:08:50.595,2.1445,2.14536,1.00,1.34
2016.03.15 07:08:50.696,2.14455,2.14536,1.00,1.34
2016.03.15 07:08:51.196,2.14457,2.14536,1.00,1.34
2016.03.15 07:08:51.700,2.14458,2.14536,1.00,1.34
2016.03.15 07:08:52.178,2.14456,2.14536,1.00,1.34
2016.03.15 07:08:52.679,2.14458,2.14536,1.00,1.34
2016.03.15 07:08:53.953,2.14457,2.14536,1.00,1.34
2016.03.15 07:08:54.923,2.14456,2.14536,1.00,1.34
2016.03.15 07:08:54.974,2.14449,2.14537,1.00,1.34
2016.03.15 07:08:55.179,2.14447,2.14537,1.00,1.34
2016.03.15 07:08:56.056,2.14448,2.14537,1.00,1.34
2016.03.15 07:08:56.775,2.14445,2.14534,1.00,1.34
2016.03.15 07:08:58.060,2.14449,2.14534,1.00,1.34
2016.03.15 07:08:58.762,2.14447,2.14534,1.00,1.34
2016.03.15 07:08:59.111,2.14451,2.14533,1.00,1.34
2016.03.15 07:08:59.263,2.14448,2.14534,1.00,1.34
2016.03.15 07:08:59.364,2.14446,2.14534,1.00,1.34
2016.03.15 07:08:59.899,2.14447,2.14535,1.00,1.34
2016.03.15 07:09:00.101,2.14444,2.14535,1.00,1.34
2016.03.15 07:09:00.252,2.14443,2.14525,1.00,1.00
2016.03.15 07:09:00.504,2.14444,2.14527,1.00,1.00
2016.03.15 07:09:00.605,2.14434,2.14526,1.00,1.00
2016.03.15 07:09:01.071,2.14449,2.14526,1.00,1.50
2016.03.15 07:09:01.480,2.14434,2.14523,1.00,1.00
2016.03.15 07:09:01.581,2.14427,2.14519,1.84,1.00
2016.03.15 07:09:01.884,2.14432,2.14516,1.00,1.00
2016.03.15 07:09:01.934,2.14433,2.14526,1.00,1.00
2016.03.15 07:09:02.169,2.14447,2.14526,1.00,1.00
2016.03.15 07:09:03.021,2.14448,2.14526,1.00,1.00
2016.03.15 07:09:03.876,2.14447,2.14527,1.00,1.50
2016.03.15 07:09:04.078,2.14433,2.14517,1.00,1.00
2016.03.15 07:09:04.180,2.14431,2.14517,1.09,1.00
2016.03.15 07:09:04.281,2.14433,2.14519,1.00,1.00
2016.03.15 07:09:04.584,2.1443,2.14516,1.34,1.00
2016.03.15 07:09:05.376,2.14426,2.14514,1.34,1.00
2016.03.15 07:09:05.685,2.14424,2.14511,1.34,1.00
2016.03.15 07:09:05.987,2.14423,2.14509,1.34,1.00
2016.03.15 07:09:06.541,2.14423,2.1451,1.34,1.00
2016.03.15 07:09:07.075,2.14423,2.14509,1.34,1.00
2016.03.15 07:09:07.125,2.14427,2.14511,1.34,1.00
2016.03.15 07:09:07.226,2.14445,2.14506,1.00,1.00
2016.03.15 07:09:07.327,2.14419,2.14502,1.00,1.00
2016.03.15 07:09:07.428,2.14417,2.14504,1.00,1.00
2016.03.15 07:09:07.479,2.14414,2.14504,1.00,1.00
2016.03.15 07:09:07.530,2.14414,2.14507,1.00,1.00
2016.03.15 07:09:07.581,2.14412,2.145,1.12,1.00
2016.03.15 07:09:07.705,2.14412,2.14506,1.87,1.00
2016.03.15 07:09:07.756,2.14412,2.14498,1.12,1.00
2016.03.15 07:09:07.958,2.14414,2.14506,1.00,1.00
2016.03.15 07:09:08.109,2.14422,2.14505,1.00,1.00
2016.03.15 07:09:08.411,2.14429,2.14514,1.00,1.00
2016.03.15 07:09:08.462,2.14429,2.14516,1.00,1.50
2016.03.15 07:09:08.513,2.14434,2.14516,1.00,1.00
2016.03.15 07:09:08.614,2.14434,2.14525,1.00,1.00
2016.03.15 07:09:08.748,2.14434,2.14519,1.00,1.00
2016.03.15 07:09:09.280,2.14435,2.14518,1.00,1.00
2016.03.15 07:09:10.043,2.14436,2.14518,1.00,1.00
2016.03.15 07:09:10.144,2.14436,2.1452,1.00,1.00
2016.03.15 07:09:10.596,2.14434,2.1452,1.50,1.00
2016.03.15 07:09:10.797,2.14439,2.14521,1.00,1.00
2016.03.15 07:09:11.099,2.1444,2.14516,1.00,1.00
2016.03.15 07:09:11.341,2.1444,2.1452,1.00,1.00
2016.03.15 07:09:11.601,2.14439,2.14523,1.00,1.00
2016.03.15 07:09:11.702,2.14435,2.14523,1.00,1.00
2016.03.15 07:09:11.791,2.14441,2.14522,1.00,1.00
2016.03.15 07:09:12.810,2.14439,2.14523,1.00,1.00
2016.03.15 07:09:13.193,2.14436,2.14524,1.00,1.00
2016.03.15 07:09:14.711,2.14437,2.14525,1.00,1.00
2016.03.15 07:09:15.214,2.14437,2.14526,1.34,1.50
2016.03.15 07:09:15.315,2.14434,2.14513,1.00,1.00
2016.03.15 07:09:15.629,2.14422,2.14504,1.34,1.00
2016.03.15 07:09:15.967,2.14438,2.14504,1.00,1.00
2016.03.15 07:09:16.118,2.14421,2.14504,1.34,1.00
2016.03.15 07:09:16.732,2.14436,2.14504,1.00,1.00
2016.03.15 07:09:17.418,2.14436,2.14502,1.00,1.00
2016.03.15 07:09:17.530,2.14421,2.14501,1.34,1.00
2016.03.15 07:09:17.925,2.14428,2.145,1.00,1.00
2016.03.15 07:09:18.227,2.14422,2.14499,1.34,1.00
2016.03.15 07:09:18.403,2.14422,2.14497,1.34,1.00
2016.03.15 07:09:18.728,2.14421,2.14495,1.34,1.00
2016.03.15 07:09:18.930,2.14423,2.14495,1.00,1.00
2016.03.15 07:09:19.031,2.14422,2.14493,1.00,1.00
2016.03.15 07:09:19.283,2.14411,2.14483,1.00,1.00
2016.03.15 07:09:19.435,2.14401,2.14476,1.00,1.00
2016.03.15 07:09:19.486,2.14384,2.14476,1.00,1.00
2016.03.15 07:09:19.583,2.14384,2.14454,1.00,1.00
2016.03.15 07:09:19.847,2.14352,2.14435,1.00,1.00
2016.03.15 07:09:19.951,2.14351,2.14441,1.50,1.00
2016.03.15 07:09:20.052,2.14351,2.14426,1.50,1.00
2016.03.15 07:09:20.354,2.14351,2.14428,1.00,1.00
2016.03.15 07:09:20.424,2.14351,2.14417,1.00,1.00
2016.03.15 07:09:20.525,2.14351,2.14426,1.00,1.00
2016.03.15 07:09:20.575,2.14362,2.14426,1.00,1.00
2016.03.15 07:09:20.891,2.14362,2.14422,1.00,1.00
2016.03.15 07:09:21.042,2.14362,2.14427,1.00,1.00
2016.03.15 07:09:21.143,2.14362,2.14437,1.00,1.00
2016.03.15 07:09:21.244,2.14371,2.14443,1.00,1.00
2016.03.15 07:09:21.376,2.14371,2.14446,1.00,1.00
2016.03.15 07:09:21.477,2.14364,2.14446,1.00,1.00
2016.03.15 07:09:21.695,2.14371,2.14446,1.00,1.00
2016.03.15 07:09:22.046,2.14371,2.14448,1.00,1.00
2016.03.15 07:09:22.147,2.14371,2.1445,1.00,1.00
2016.03.15 07:09:22.248,2.14361,2.1443,1.00,1.00
2016.03.15 07:09:22.349,2.14361,2.14435,1.00,1.00
2016.03.15 07:09:22.509,2.14361,2.14439,1.00,1.00
2016.03.15 07:09:22.560,2.14362,2.14443,1.00,1.00
2016.03.15 07:09:22.661,2.14372,2.14447,1.00,1.00
2016.03.15 07:09:23.148,2.14381,2.14446,1.00,1.00
2016.03.15 07:09:23.251,2.14381,2.1445,1.00,1.00
2016.03.15 07:09:23.453,2.14381,2.14448,1.00,1.00
2016.03.15 07:09:23.724,2.14381,2.14452,1.00,1.00
2016.03.15 07:09:24.305,2.14381,2.14453,1.00,1.00
2016.03.15 07:09:24.517,2.14381,2.1445,1.00,1.00
2016.03.15 07:09:26.162,2.14381,2.14449,1.00,1.00
2016.03.15 07:09:26.665,2.14381,2.1445,1.00,1.00
2016.03.15 07:09:27.387,2.14372,2.1445,1.00,1.00
2016.03.15 07:09:27.523,2.14372,2.14453,1.00,1.00
2016.03.15 07:09:28.318,2.14372,2.14454,1.00,1.00
2016.03.15 07:09:28.710,2.14381,2.14454,1.00,1.00
2016.03.15 07:09:28.940,2.14372,2.14454,1.00,1.00
2016.03.15 07:09:29.284,2.14381,2.14454,1.00,1.00
2016.03.15 07:09:29.436,2.14381,2.14457,1.00,1.00
2016.03.15 07:09:29.487,2.14372,2.14457,1.00,1.00
2016.03.15 07:09:30.067,2.14372,2.14456,1.00,1.00
2016.03.15 07:09:31.549,2.14372,2.14456,1.34,1.00
2016.03.15 07:09:31.900,2.14372,2.14456,1.34,1.50
2016.03.15 07:09:32.051,2.14364,2.14451,1.00,1.00
2016.03.15 07:09:32.153,2.14343,2.14437,1.09,1.00
2016.03.15 07:09:32.204,2.14343,2.14437,1.34,1.00
2016.03.15 07:09:32.506,2.14362,2.14446,1.00,2.25
2016.03.15 07:09:32.657,2.14363,2.14446,1.00,1.00
2016.03.15 07:09:33.201,2.14362,2.14446,1.00,1.00
2016.03.15 07:09:33.693,2.14357,2.14446,1.00,1.00
2016.03.15 07:09:34.586,2.14358,2.14449,1.00,1.00
2016.03.15 07:09:34.687,2.14361,2.14449,1.00,1.00
2016.03.15 07:09:34.788,2.14362,2.14456,1.00,1.00
2016.03.15 07:09:34.839,2.14366,2.14456,1.00,1.00
2016.03.15 07:09:35.169,2.14372,2.14456,1.00,1.00
2016.03.15 07:09:35.771,2.14365,2.14456,1.00,1.00
2016.03.15 07:09:35.973,2.14371,2.14456,1.00,1.00
2016.03.15 07:09:36.474,2.14372,2.14456,1.00,1.00
2016.03.15 07:09:36.825,2.14372,2.14459,1.00,1.00
2016.03.15 07:09:37.287,2.14365,2.14459,1.00,1.00
2016.03.15 07:09:37.382,2.14364,2.14456,1.00,1.00
2016.03.15 07:09:37.483,2.14362,2.14456,1.00,1.00
2016.03.15 07:09:37.685,2.14353,2.14449,1.50,1.00
2016.03.15 07:09:37.786,2.14348,2.14446,1.00,1.00
2016.03.15 07:09:37.887,2.14351,2.14446,1.00,1.00
2016.03.15 07:09:38.332,2.14354,2.14446,1.00,1.50
2016.03.15 07:09:39.673,2.14354,2.14445,1.00,1.00
2016.03.15 07:09:41.254,2.14354,2.14446,1.00,1.00
2016.03.15 07:09:42.727,2.14353,2.14446,1.00,1.00
2016.03.15 07:09:44.105,2.14353,2.14447,1.00,1.00
2016.03.15 07:09:44.206,2.1435,2.14446,1.00,1.00
2016.03.15 07:09:44.408,2.14354,2.14446,1.00,1.00
2016.03.15 07:09:44.609,2.14346,2.14447,1.00,1.00
2016.03.15 07:09:44.766,2.14346,2.14444,1.00,1.00
2016.03.15 07:09:45.069,2.14344,2.14438,1.00,1.00
2016.03.15 07:09:45.472,2.14343,2.14434,1.00,1.00
2016.03.15 07:09:46.113,2.14343,2.14433,1.00,1.00
2016.03.15 07:09:47.469,2.14343,2.14431,1.00,1.00
2016.03.15 07:09:47.819,2.14338,2.14425,1.00,1.00
2016.03.15 07:09:48.123,2.14338,2.14425,1.34,1.00
2016.03.15 07:09:49.227,2.14338,2.14425,1.00,1.00
2016.03.15 07:09:49.328,2.14332,2.14416,1.00,1.00
2016.03.15 07:09:50.627,2.14328,2.14416,1.00,1.00
2016.03.15 07:09:50.778,2.14326,2.14416,1.00,1.00
2016.03.15 07:09:52.958,2.14326,2.14417,1.00,1.50
2016.03.15 07:09:54.102,2.14323,2.14417,1.00,1.00
2016.03.15 07:09:54.203,2.14326,2.14416,1.00,1.00
2016.03.15 07:09:55.495,2.14324,2.14406,1.00,1.00
2016.03.15 07:09:56.016,2.14323,2.14406,1.00,1.00
2016.03.15 07:09:56.418,2.14325,2.14406,1.00,1.00
2016.03.15 07:09:57.321,2.14326,2.14406,1.00,1.00
2016.03.15 07:09:57.606,2.14326,2.14415,1.00,1.00
2016.03.15 07:09:58.195,2.14325,2.14414,1.00,1.00
2016.03.15 07:09:59.899,2.14324,2.14413,1.00,1.00
2016.03.15 07:10:00.434,2.14325,2.14414,1.00,1.00
2016.03.15 07:10:01.754,2.14325,2.14407,1.00,1.00
2016.03.15 07:10:01.805,2.14321,2.14407,1.00,1.00
2016.03.15 07:10:02.560,2.14318,2.14406,1.00,1.00
2016.03.15 07:10:05.205,2.14317,2.14405,1.09,1.00
2016.03.15 07:10:05.707,2.14315,2.14407,1.34,1.50
2016.03.15 07:10:06.910,2.14314,2.14406,1.34,1.00
2016.03.15 07:10:07.724,2.14313,2.14399,1.00,1.34
2016.03.15 07:10:08.027,2.14314,2.14399,1.00,1.50
2016.03.15 07:10:08.279,2.1431,2.14399,1.00,1.00
2016.03.15 07:10:08.330,2.14314,2.14403,1.00,1.00
2016.03.15 07:10:10.088,2.14313,2.14403,1.00,1.00
2016.03.15 07:10:10.755,2.14313,2.14404,1.50,1.00
2016.03.15 07:10:12.165,2.14313,2.14405,1.00,1.00
2016.03.15 07:10:13.524,2.14315,2.14407,1.00,1.00
2016.03.15 07:10:14.525,2.14316,2.14407,1.00,1.00
2016.03.15 07:10:17.454,2.14314,2.14407,1.00,1.00
2016.03.15 07:10:18.099,2.14315,2.14407,1.00,1.00
2016.03.15 07:10:18.610,2.14316,2.14407,1.00,1.00
2016.03.15 07:10:20.764,2.14317,2.14407,1.00,1.00
2016.03.15 07:10:21.266,2.14314,2.14399,1.00,1.00
2016.03.15 07:10:21.367,2.14305,2.14396,1.00,1.00
2016.03.15 07:10:21.890,2.14304,2.14396,1.00,1.00
2016.03.15 07:10:22.241,2.14303,2.14401,1.50,1.00
2016.03.15 07:10:22.302,2.14307,2.14402,1.00,1.00
2016.03.15 07:10:22.576,2.14309,2.14405,1.00,1.00
2016.03.15 07:10:22.677,2.14313,2.14407,1.00,1.00
2016.03.15 07:10:23.028,2.14318,2.14407,1.00,1.50
2016.03.15 07:10:23.356,2.1432,2.14407,1.00,1.00
2016.03.15 07:10:23.658,2.1432,2.14409,1.00,1.00
2016.03.15 07:10:23.759,2.1432,2.14407,1.00,1.00
2016.03.15 07:10:25.844,2.1432,2.14406,1.00,1.00
2016.03.15 07:10:27.264,2.14322,2.14406,1.00,1.00
2016.03.15 07:10:27.314,2.14322,2.14409,1.00,1.00
2016.03.15 07:10:27.466,2.14321,2.14405,1.00,1.00
2016.03.15 07:10:27.567,2.14316,2.14406,1.00,1.00
2016.03.15 07:10:27.668,2.1432,2.14407,1.00,1.00
2016.03.15 07:10:28.352,2.14321,2.14407,1.00,1.00
2016.03.15 07:10:29.554,2.14322,2.14407,1.00,1.00
2016.03.15 07:10:31.233,2.14322,2.14408,1.00,1.00
2016.03.15 07:10:31.658,2.14323,2.1441,1.00,1.00
2016.03.15 07:10:31.758,2.1432,2.14409,1.00,1.00
2016.03.15 07:10:32.559,2.14319,2.14411,1.00,1.00
2016.03.15 07:10:33.434,2.14319,2.14406,1.00,1.00
2016.03.15 07:10:35.790,2.1432,2.14406,1.00,1.00
2016.03.15 07:10:36.733,2.1432,2.14407,1.00,1.00
2016.03.15 07:10:38.099,2.1432,2.14413,1.12,1.00
2016.03.15 07:10:38.494,2.14323,2.14414,1.00,1.00
2016.03.15 07:10:42.573,2.14323,2.14414,1.00,2.25
2016.03.15 07:10:42.875,2.14323,2.14406,1.00,1.00
2016.03.15 07:10:42.926,2.14323,2.14414,1.00,1.00
2016.03.15 07:10:43.027,2.14326,2.14417,1.00,1.00
2016.03.15 07:10:43.392,2.14329,2.14421,1.00,1.00
2016.03.15 07:10:43.884,2.14331,2.14422,1.00,1.00
2016.03.15 07:10:44.531,2.14332,2.14422,1.00,1.00
2016.03.15 07:10:45.405,2.14336,2.14424,1.00,1.00
2016.03.15 07:10:45.506,2.14336,2.14426,1.00,1.00
2016.03.15 07:10:45.607,2.14338,2.14426,1.00,1.00
2016.03.15 07:10:45.934,2.14343,2.14426,1.00,1.00
2016.03.15 07:10:46.236,2.14345,2.14426,1.00,1.00
2016.03.15 07:10:46.805,2.14346,2.14426,1.00,1.00
2016.03.15 07:10:47.640,2.14345,2.14426,1.00,1.00
2016.03.15 07:10:47.967,2.14336,2.14426,1.00,1.00
2016.03.15 07:10:48.644,2.14334,2.14426,1.00,1.00
2016.03.15 07:10:49.358,2.14334,2.14416,1.00,1.00
2016.03.15 07:10:49.848,2.14323,2.14415,1.00,1.00
2016.03.15 07:10:50.300,2.14317,2.14415,1.00,1.00
2016.03.15 07:10:50.502,2.14314,2.14406,1.00,1.87
2016.03.15 07:10:50.763,2.14294,2.14386,1.50,1.00
2016.03.15 07:10:51.044,2.14288,2.14376,1.00,1.00
2016.03.15 07:10:51.204,2.14285,2.14377,1.00,1.00
2016.03.15 07:10:51.708,2.14284,2.14376,1.50,1.00
2016.03.15 07:10:52.258,2.14284,2.14375,1.00,1.00
2016.03.15 07:10:52.510,2.14284,2.14372,1.00,1.00
2016.03.15 07:10:54.217,2.14284,2.14371,1.00,1.00
2016.03.15 07:10:54.565,2.14277,2.14371,1.00,1.00
2016.03.15 07:10:59.825,2.14276,2.14371,1.00,1.00
2016.03.15 07:11:00.222,2.14278,2.14373,1.00,1.00
2016.03.15 07:11:00.673,2.14284,2.14374,1.00,1.12
2016.03.15 07:11:01.149,2.14286,2.14375,1.00,1.00
2016.03.15 07:11:01.464,2.14301,2.14385,1.00,1.75
2016.03.15 07:11:01.515,2.14307,2.14391,1.00,1.00
2016.03.15 07:11:01.566,2.14305,2.14396,1.00,1.00
2016.03.15 07:11:01.771,2.14304,2.14392,1.00,1.00
2016.03.15 07:11:01.822,2.14294,2.14392,1.37,1.00
2016.03.15 07:11:02.144,2.14293,2.14387,1.00,1.00
2016.03.15 07:11:02.495,2.14286,2.14377,1.00,1.00
2016.03.15 07:11:02.757,2.14283,2.14376,1.50,1.00
2016.03.15 07:11:02.959,2.1428,2.14375,1.00,1.00
2016.03.15 07:11:03.285,2.14274,2.14362,1.00,1.00
2016.03.15 07:11:03.386,2.14262,2.14357,1.12,1.00
2016.03.15 07:11:03.440,2.14262,2.14354,1.12,1.00
2016.03.15 07:11:04.276,2.14263,2.14355,1.00,1.00
2016.03.15 07:11:04.765,2.14266,2.14351,1.00,1.00
2016.03.15 07:11:05.739,2.14263,2.14353,1.00,1.00
2016.03.15 07:11:07.338,2.14265,2.14354,1.00,1.00
2016.03.15 07:11:09.184,2.14267,2.14354,1.00,1.00
2016.03.15 07:11:13.255,2.14269,2.14354,1.00,1.00
2016.03.15 07:11:14.059,2.14271,2.14356,1.00,1.00
2016.03.15 07:11:14.562,2.14272,2.14356,1.00,1.00
2016.03.15 07:11:14.837,2.14269,2.14357,1.00,1.50
2016.03.15 07:11:15.467,2.14274,2.14358,1.00,1.00
2016.03.15 07:11:16.009,2.14273,2.14356,1.00,1.00
2016.03.15 07:11:16.111,2.14271,2.14356,1.00,1.00
2016.03.15 07:11:17.023,2.14271,2.14357,1.00,1.00
2016.03.15 07:11:17.564,2.14271,2.14356,1.00,1.00
2016.03.15 07:11:17.664,2.1427,2.14354,1.00,1.00
2016.03.15 07:11:18.795,2.14271,2.14355,1.00,1.00
2016.03.15 07:11:19.268,2.14269,2.14355,1.00,1.00
2016.03.15 07:11:19.486,2.14265,2.14354,1.00,1.00
2016.03.15 07:11:19.688,2.14267,2.14353,1.00,1.00
2016.03.15 07:11:20.036,2.14262,2.14347,1.50,1.00
2016.03.15 07:11:20.585,2.14263,2.14346,1.00,1.00
2016.03.15 07:11:20.972,2.14265,2.14346,1.00,1.00
2016.03.15 07:11:21.873,2.14267,2.14346,1.00,1.00
2016.03.15 07:11:22.246,2.14271,2.14346,1.00,1.00
2016.03.15 07:11:22.297,2.14272,2.14356,1.00,1.00
2016.03.15 07:11:22.800,2.14273,2.14356,1.00,1.00
2016.03.15 07:11:23.103,2.14264,2.14352,1.00,1.00
2016.03.15 07:11:23.204,2.14267,2.1435,1.00,1.00
2016.03.15 07:11:23.707,2.1427,2.14352,1.00,1.00
2016.03.15 07:11:24.079,2.14272,2.14356,1.00,1.00
2016.03.15 07:11:24.289,2.1428,2.14356,1.00,1.00
2016.03.15 07:11:24.390,2.1428,2.14364,1.00,1.50
2016.03.15 07:11:24.592,2.14285,2.14366,1.00,1.50
2016.03.15 07:11:24.926,2.14287,2.14367,1.00,1.00
2016.03.15 07:11:26.615,2.14288,2.14367,1.00,1.00
2016.03.15 07:11:27.885,2.14288,2.14356,1.00,1.00
2016.03.15 07:11:27.936,2.14284,2.14356,1.00,1.00
2016.03.15 07:11:28.138,2.14284,2.14365,1.00,1.00
2016.03.15 07:11:28.647,2.14283,2.14364,1.00,1.00
2016.03.15 07:11:29.692,2.14283,2.14363,1.00,1.00
2016.03.15 07:11:30.097,2.14283,2.14361,1.00,1.00
2016.03.15 07:11:30.299,2.1428,2.14361,1.00,1.00
2016.03.15 07:11:30.633,2.14281,2.14356,1.00,1.00
2016.03.15 07:11:31.399,2.14273,2.14356,1.00,1.00
2016.03.15 07:11:31.500,2.14279,2.14356,1.00,1.00
2016.03.15 07:11:32.698,2.1428,2.14356,1.00,1.00
2016.03.15 07:11:34.201,2.14277,2.14356,1.00,1.00
2016.03.15 07:11:34.360,2.14279,2.14356,1.00,1.00
2016.03.15 07:11:34.410,2.14274,2.14354,1.00,1.00
2016.03.15 07:11:34.511,2.14267,2.1435,1.00,1.00
2016.03.15 07:11:34.612,2.14267,2.14347,1.00,1.00
2016.03.15 07:11:35.204,2.14266,2.14346,1.00,1.00
2016.03.15 07:11:35.528,2.14265,2.14344,1.00,1.00
2016.03.15 07:11:36.035,2.14266,2.14344,1.00,1.00
2016.03.15 07:11:36.106,2.14264,2.14345,1.00,1.00
2016.03.15 07:11:36.614,2.14265,2.14346,1.00,1.00
2016.03.15 07:11:37.010,2.14263,2.14346,1.00,1.50
2016.03.15 07:11:37.111,2.14267,2.14346,1.00,1.00
2016.03.15 07:11:37.161,2.14267,2.14354,1.00,1.12
2016.03.15 07:11:37.313,2.14265,2.14356,1.00,1.37
2016.03.15 07:11:37.468,2.14269,2.14356,1.00,1.37
2016.03.15 07:11:37.771,2.14272,2.14356,1.00,1.37
2016.03.15 07:11:38.074,2.14274,2.14356,1.00,1.00
2016.03.15 07:11:38.412,2.14276,2.14356,1.00,1.00
2016.03.15 07:11:38.745,2.14253,2.14332,1.00,1.00
2016.03.15 07:11:38.796,2.14246,2.14332,1.00,1.00
2016.03.15 07:11:38.846,2.14244,2.1433,1.00,1.00
2016.03.15 07:11:38.998,2.1424,2.14327,1.00,1.00
2016.03.15 07:11:39.351,2.14238,2.14316,1.00,1.00
2016.03.15 07:11:39.590,2.14232,2.14317,1.00,1.00
2016.03.15 07:11:39.741,2.14242,2.14317,1.00,1.00
2016.03.15 07:11:39.842,2.14239,2.14317,1.00,1.00
2016.03.15 07:11:39.894,2.14239,2.14327,1.00,1.00
2016.03.15 07:11:39.944,2.14241,2.14327,1.00,1.00
2016.03.15 07:11:40.617,2.14242,2.14326,1.00,1.00
2016.03.15 07:11:41.236,2.1424,2.14326,1.00,1.00
2016.03.15 07:11:41.719,2.14242,2.14326,1.00,1.00
2016.03.15 07:11:42.020,2.14249,2.14326,1.00,1.00
2016.03.15 07:11:42.322,2.14251,2.14326,1.00,1.00
2016.03.15 07:11:43.623,2.1425,2.14326,1.00,1.00
2016.03.15 07:11:43.945,2.14248,2.14326,1.00,1.00
2016.03.15 07:11:44.132,2.14241,2.14326,1.50,1.00
2016.03.15 07:11:44.673,2.14242,2.14327,1.00,1.00
2016.03.15 07:11:44.776,2.14244,2.14327,1.00,1.00
2016.03.15 07:11:44.826,2.14242,2.14327,1.00,1.00
2016.03.15 07:11:45.034,2.14244,2.14327,1.00,1.00
2016.03.15 07:11:45.836,2.14243,2.14327,1.00,1.00
2016.03.15 07:11:46.153,2.14242,2.14322,1.00,1.00
2016.03.15 07:11:46.354,2.14242,2.14326,1.00,1.00
2016.03.15 07:11:46.755,2.14243,2.14322,1.00,1.00
2016.03.15 07:11:47.779,2.14241,2.14327,1.50,1.00
2016.03.15 07:11:48.143,2.14241,2.14325,1.00,1.00
2016.03.15 07:11:48.772,2.14241,2.14324,1.50,1.00
2016.03.15 07:11:49.229,2.14241,2.14324,1.84,1.00
2016.03.15 07:11:49.280,2.14241,2.14327,1.34,1.00
2016.03.15 07:11:49.331,2.14251,2.14334,1.34,1.12
2016.03.15 07:11:49.381,2.14263,2.14334,1.00,1.00
2016.03.15 07:11:49.432,2.14263,2.14336,1.00,1.00
2016.03.15 07:11:49.483,2.14266,2.14336,1.00,1.00
2016.03.15 07:11:49.584,2.14266,2.14347,1.34,1.00
2016.03.15 07:11:49.932,2.14266,2.14347,1.34,1.00
2016.03.15 07:11:50.260,2.14294,2.14367,1.34,1.00
2016.03.15 07:11:50.361,2.14303,2.14377,1.00,1.00
2016.03.15 07:11:50.575,2.14303,2.14387,1.00,1.50
2016.03.15 07:11:50.676,2.14296,2.14387,1.00,1.00
2016.03.15 07:11:50.777,2.14291,2.14377,1.00,1.00
2016.03.15 07:11:50.986,2.14287,2.14376,1.00,1.00
2016.03.15 07:11:51.087,2.14287,2.14367,1.00,1.00
2016.03.15 07:11:51.588,2.14287,2.14366,1.00,1.00
2016.03.15 07:11:51.639,2.14285,2.14366,1.00,1.00
2016.03.15 07:11:52.154,2.14284,2.14366,1.00,1.00
2016.03.15 07:11:53.866,2.14295,2.14366,1.00,1.00
2016.03.15 07:11:54.067,2.14294,2.14375,1.00,1.00
2016.03.15 07:11:54.168,2.14292,2.14367,1.00,1.00
2016.03.15 07:11:54.269,2.1429,2.14367,1.00,1.00
2016.03.15 07:11:54.647,2.14284,2.14367,1.00,1.00
2016.03.15 07:11:54.750,2.14281,2.14367,1.00,1.00
2016.03.15 07:11:54.846,2.14277,2.14367,1.00,1.00
2016.03.15 07:11:54.897,2.14276,2.14364,1.00,1.00
2016.03.15 07:11:55.200,2.14282,2.14356,1.00,1.00
2016.03.15 07:11:55.251,2.14275,2.14356,1.00,1.00
2016.03.15 07:11:55.553,2.14272,2.14356,1.00,1.00
2016.03.15 07:11:55.937,2.1427,2.14356,1.00,1.00
2016.03.15 07:11:56.443,2.14271,2.14356,1.00,1.00
2016.03.15 07:11:59.019,2.14272,2.14356,1.00,1.50
2016.03.15 07:11:59.170,2.14272,2.14353,1.00,1.00
2016.03.15 07:11:59.573,2.14266,2.14346,1.00,1.00
2016.03.15 07:12:00.123,2.14265,2.14347,1.00,1.00
2016.03.15 07:12:00.626,2.14266,2.14347,1.00,1.00
2016.03.15 07:12:01.030,2.14267,2.1435,1.00,1.00
2016.03.15 07:12:01.283,2.14271,2.14354,1.00,1.00
2016.03.15 07:12:01.835,2.14271,2.14353,1.00,1.00
2016.03.15 07:12:01.972,2.14273,2.14362,1.00,1.00
2016.03.15 07:12:02.202,2.14272,2.14356,1.00,1.00
2016.03.15 07:12:02.885,2.14273,2.14356,1.00,1.00
2016.03.15 07:12:05.877,2.14272,2.14356,1.50,1.00
2016.03.15 07:12:07.197,2.14273,2.14356,1.00,1.00
2016.03.15 07:12:08.203,2.14271,2.14356,1.00,1.00
2016.03.15 07:12:08.254,2.14269,2.14347,1.00,1.00
2016.03.15 07:12:08.304,2.1426,2.14347,1.50,1.00
2016.03.15 07:12:08.406,2.14256,2.14347,1.00,1.00
2016.03.15 07:12:08.506,2.14253,2.14345,1.50,1.00
2016.03.15 07:12:08.607,2.14252,2.14337,1.00,1.00
2016.03.15 07:12:08.708,2.1425,2.14337,1.00,1.50
2016.03.15 07:12:09.101,2.14247,2.14335,1.50,1.00
2016.03.15 07:12:09.152,2.14247,2.14326,1.00,1.00
2016.03.15 07:12:09.616,2.14245,2.14326,1.00,1.00
2016.03.15 07:12:10.167,2.14244,2.14326,1.00,1.00
2016.03.15 07:12:10.903,2.14244,2.14335,1.00,1.00
2016.03.15 07:12:10.954,2.14247,2.14335,1.00,1.00
2016.03.15 07:12:11.171,2.14244,2.14335,1.00,1.00
2016.03.15 07:12:11.272,2.14247,2.14335,1.00,1.00
2016.03.15 07:12:11.475,2.14244,2.14335,1.50,1.00
2016.03.15 07:12:11.576,2.14246,2.14327,1.00,1.00
2016.03.15 07:12:11.762,2.14246,2.14335,1.00,1.00
2016.03.15 07:12:11.914,2.14244,2.14326,1.00,1.00
2016.03.15 07:12:12.426,2.14242,2.14326,1.00,1.00
2016.03.15 07:12:12.892,2.14247,2.14336,1.00,1.00
2016.03.15 07:12:12.993,2.14249,2.14336,1.00,1.00
2016.03.15 07:12:13.303,2.14253,2.14336,1.00,1.00
2016.03.15 07:12:13.454,2.14253,2.14342,1.00,1.00
2016.03.15 07:12:13.656,2.14253,2.14336,1.00,1.00
2016.03.15 07:12:14.184,2.14254,2.14336,1.00,1.00
2016.03.15 07:12:14.795,2.14253,2.14336,1.00,1.00
2016.03.15 07:12:16.726,2.14253,2.14337,1.00,1.00
2016.03.15 07:12:17.173,2.14253,2.14337,1.34,1.00
2016.03.15 07:12:17.389,2.14273,2.14356,1.00,1.00
2016.03.15 07:12:17.440,2.14273,2.14356,1.34,1.00
2016.03.15 07:12:17.812,2.14279,2.14356,1.34,1.00
2016.03.15 07:12:17.942,2.14274,2.14366,1.00,2.25
2016.03.15 07:12:18.144,2.14265,2.14347,1.34,1.00
2016.03.15 07:12:18.248,2.14263,2.14347,1.00,1.00
2016.03.15 07:12:19.213,2.14255,2.14347,1.00,1.00
2016.03.15 07:12:19.404,2.14259,2.14347,1.00,1.00
2016.03.15 07:12:20.603,2.14259,2.14346,1.00,1.00
2016.03.15 07:12:21.375,2.14258,2.14346,1.00,1.00
2016.03.15 07:12:22.711,2.1426,2.14346,1.00,1.00
2016.03.15 07:12:24.543,2.1426,2.14336,1.00,1.00
2016.03.15 07:12:24.815,2.14257,2.14336,1.00,1.00
2016.03.15 07:12:26.625,2.14259,2.14336,1.00,1.00
2016.03.15 07:12:28.156,2.14258,2.14336,1.00,1.00
2016.03.15 07:12:28.493,2.14277,2.14336,1.34,1.00
2016.03.15 07:12:28.594,2.14282,2.14347,1.34,1.00
2016.03.15 07:12:28.644,2.14285,2.14347,1.00,1.00
2016.03.15 07:12:28.745,2.14285,2.14365,1.00,1.00
2016.03.15 07:12:29.050,2.14284,2.14367,1.00,1.00
2016.03.15 07:12:29.828,2.14285,2.14367,1.00,1.00
2016.03.15 07:12:30.352,2.14285,2.14366,1.00,1.00
2016.03.15 07:12:31.012,2.14285,2.14367,1.00,1.00
2016.03.15 07:12:31.837,2.14285,2.14366,1.00,1.00
2016.03.15 07:12:31.939,2.14285,2.14372,1.00,1.00
2016.03.15 07:12:33.136,2.14287,2.14372,1.00,1.00
2016.03.15 07:12:35.319,2.14287,2.14367,1.00,1.00
2016.03.15 07:12:35.945,2.14284,2.14367,1.00,1.00
2016.03.15 07:12:36.749,2.14276,2.14367,2.59,1.00
2016.03.15 07:12:36.951,2.14279,2.14364,1.34,1.00
2016.03.15 07:12:37.465,2.14273,2.14355,1.34,1.00
2016.03.15 07:12:37.736,2.1427,2.14355,1.34,1.00
2016.03.15 07:12:37.837,2.14271,2.14346,1.34,1.00
2016.03.15 07:12:38.083,2.14266,2.14354,1.34,1.00
2016.03.15 07:12:38.134,2.14266,2.14354,1.34,1.00
2016.03.15 07:12:38.822,2.14266,2.14347,1.34,1.00
2016.03.15 07:12:39.032,2.14266,2.14347,1.34,1.00
2016.03.15 07:12:41.462,2.14266,2.14346,1.34,1.00
2016.03.15 07:12:42.918,2.14266,2.14347,1.34,1.00
2016.03.15 07:12:45.861,2.14264,2.14346,1.34,1.00
2016.03.15 07:12:49.380,2.14261,2.14346,1.34,1.00
2016.03.15 07:12:49.430,2.14261,2.14336,1.34,1.00
2016.03.15 07:12:49.622,2.14262,2.14345,1.34,1.00
2016.03.15 07:12:50.911,2.14262,2.14345,1.34,1.00
2016.03.15 07:12:53.186,2.14262,2.14346,1.34,1.50
2016.03.15 07:12:54.590,2.14276,2.14356,1.00,1.50
2016.03.15 07:12:54.692,2.14279,2.14357,1.00,1.09
2016.03.15 07:12:54.793,2.14279,2.14359,1.00,1.34
2016.03.15 07:12:54.843,2.14279,2.14359,1.34,1.00
2016.03.15 07:12:54.894,2.14282,2.14366,1.09,1.00
2016.03.15 07:12:57.707,2.14276,2.14366,1.46,1.00
2016.03.15 07:12:59.861,2.14282,2.14366,1.00,1.00
2016.03.15 07:13:03.925,2.14282,2.14364,1.00,1.00
2016.03.15 07:13:04.278,2.14282,2.14357,1.00,1.00
2016.03.15 07:13:04.542,2.14274,2.14357,1.34,1.00
2016.03.15 07:13:05.138,2.14272,2.14353,1.34,1.00
2016.03.15 07:13:05.340,2.14263,2.14345,1.84,1.00
2016.03.15 07:13:05.442,2.14271,2.14337,1.00,1.00
2016.03.15 07:13:06.016,2.14272,2.14337,1.00,1.00
2016.03.15 07:13:06.742,2.14271,2.14337,1.00,1.00
2016.03.15 07:13:07.232,2.14272,2.14343,1.00,1.00
2016.03.15 07:13:08.533,2.14272,2.14346,1.34,1.00
2016.03.15 07:13:08.851,2.14272,2.14346,1.00,1.00
2016.03.15 07:13:09.377,2.14271,2.14347,1.00,1.00
2016.03.15 07:13:09.964,2.14263,2.14347,1.34,1.00
2016.03.15 07:13:10.388,2.14272,2.14347,1.00,1.00
2016.03.15 07:13:10.611,2.14272,2.14349,1.00,1.00
2016.03.15 07:13:14.532,2.14272,2.1435,1.00,1.00
2016.03.15 07:13:14.660,2.14271,2.14348,1.00,1.00
2016.03.15 07:13:14.962,2.14261,2.14339,1.34,1.00
2016.03.15 07:13:15.485,2.14261,2.1434,1.34,1.00
2016.03.15 07:13:16.293,2.14261,2.14339,1.34,1.00
2016.03.15 07:13:16.840,2.14272,2.14339,1.00,1.00
2016.03.15 07:13:17.442,2.14272,2.1434,1.00,1.00
2016.03.15 07:13:17.790,2.14262,2.14341,1.34,1.00
2016.03.15 07:13:17.891,2.14272,2.14341,1.00,1.00
2016.03.15 07:13:18.536,2.14272,2.14342,1.00,1.00
2016.03.15 07:13:18.964,2.14271,2.14345,1.00,1.00
2016.03.15 07:13:19.494,2.14272,2.14345,1.00,1.00
2016.03.15 07:13:20.531,2.14271,2.14345,1.00,1.00
2016.03.15 07:13:20.632,2.14262,2.14346,1.34,1.00
2016.03.15 07:13:20.784,2.14262,2.14341,1.34,1.00
2016.03.15 07:13:24.453,2.14261,2.14342,1.34,1.00
2016.03.15 07:13:27.746,2.14263,2.14346,1.34,1.00
2016.03.15 07:13:27.798,2.14271,2.14353,1.00,1.00
2016.03.15 07:13:27.849,2.14271,2.14353,1.34,1.00
2016.03.15 07:13:27.900,2.14264,2.14354,1.00,1.00
2016.03.15 07:13:28.001,2.14261,2.14346,1.00,1.00
2016.03.15 07:13:28.304,2.14261,2.14337,1.00,1.00
2016.03.15 07:13:28.354,2.14261,2.14346,1.00,1.00
2016.03.15 07:13:28.506,2.14261,2.14337,1.00,1.00
2016.03.15 07:13:28.556,2.14252,2.14336,1.00,1.00
2016.03.15 07:13:28.689,2.14251,2.14331,1.00,1.00
2016.03.15 07:13:29.438,2.14262,2.14327,1.00,1.00
2016.03.15 07:13:29.539,2.14247,2.14327,1.50,1.00
2016.03.15 07:13:29.806,2.14252,2.14327,1.50,1.00
2016.03.15 07:13:29.861,2.14252,2.14334,1.50,1.00
2016.03.15 07:13:30.113,2.14251,2.14327,1.00,1.00
2016.03.15 07:13:30.669,2.14258,2.14337,1.00,1.00
2016.03.15 07:13:30.771,2.14252,2.14336,1.00,1.00
2016.03.15 07:13:30.990,2.1425,2.14337,1.00,1.00
2016.03.15 07:13:31.311,2.14252,2.14337,1.00,1.00
2016.03.15 07:13:31.771,2.1425,2.14337,1.00,1.00
2016.03.15 07:13:31.872,2.14253,2.14337,1.00,1.00
2016.03.15 07:13:32.693,2.14254,2.14337,1.00,1.00
2016.03.15 07:13:33.418,2.14252,2.14337,1.00,1.00
2016.03.15 07:13:33.506,2.14254,2.14327,1.00,1.00
2016.03.15 07:13:33.607,2.14254,2.14337,1.00,1.00
2016.03.15 07:13:34.623,2.14252,2.14337,1.00,1.00
2016.03.15 07:13:34.977,2.14254,2.14337,1.00,1.00
2016.03.15 07:13:36.125,2.14252,2.14337,1.00,1.00
2016.03.15 07:13:39.787,2.14251,2.14337,1.00,1.00
2016.03.15 07:13:39.991,2.14251,2.14326,1.00,1.00
2016.03.15 07:13:47.613,2.14251,2.14327,1.00,1.00
2016.03.15 07:13:49.104,2.14252,2.14327,1.00,1.00
2016.03.15 07:13:49.782,2.14252,2.14335,1.00,1.00
2016.03.15 07:13:51.109,2.14253,2.14335,1.00,1.00
2016.03.15 07:13:56.541,2.14255,2.14335,1.00,1.00
2016.03.15 07:13:57.241,2.14253,2.14335,1.00,1.00
2016.03.15 07:14:00.553,2.14253,2.14327,1.00,1.00
2016.03.15 07:14:01.221,2.14253,2.14326,1.00,1.00
2016.03.15 07:14:02.876,2.14253,2.14327,1.00,1.00
2016.03.15 07:14:02.977,2.14242,2.14327,1.37,1.00
2016.03.15 07:14:03.028,2.14251,2.14327,1.00,1.12
2016.03.15 07:14:03.330,2.14241,2.14317,1.00,1.00
2016.03.15 07:14:03.587,2.14231,2.14312,1.00,1.00
2016.03.15 07:14:04.290,2.14231,2.14306,1.00,1.00
2016.03.15 07:14:04.341,2.14225,2.14306,1.00,1.00
2016.03.15 07:14:05.068,2.14224,2.14307,1.00,1.00
2016.03.15 07:14:06.153,2.14222,2.14307,1.00,1.00
2016.03.15 07:14:06.856,2.14222,2.14297,1.00,1.00
2016.03.15 07:14:07.150,2.14222,2.14307,1.00,1.00
2016.03.15 07:14:07.408,2.14219,2.14307,1.00,1.00
2016.03.15 07:14:07.541,2.14222,2.14307,1.00,1.00
2016.03.15 07:14:08.060,2.14223,2.14307,1.00,1.00
2016.03.15 07:14:08.564,2.14223,2.14306,1.00,1.50
2016.03.15 07:14:08.952,2.14223,2.14297,1.00,1.00
2016.03.15 07:14:09.053,2.14223,2.14306,1.00,1.50
2016.03.15 07:14:09.960,2.1422,2.14304,1.00,1.00
2016.03.15 07:14:10.184,2.1422,2.14296,1.00,1.00
2016.03.15 07:14:11.749,2.14214,2.14296,1.00,1.00
2016.03.15 07:14:12.351,2.1421,2.14296,1.00,1.00
2016.03.15 07:14:12.566,2.14211,2.14301,1.34,1.00
2016.03.15 07:14:12.616,2.14211,2.14301,1.34,1.00
2016.03.15 07:14:12.991,2.14221,2.14303,1.34,1.00
2016.03.15 07:14:13.306,2.14221,2.14303,1.34,1.00
2016.03.15 07:14:15.020,2.14222,2.14303,1.34,1.00
2016.03.15 07:14:15.222,2.14216,2.14303,1.34,1.00
2016.03.15 07:14:15.324,2.14213,2.14302,1.00,1.00
2016.03.15 07:14:15.375,2.14213,2.14297,1.00,1.00
2016.03.15 07:14:15.476,2.14206,2.14296,1.00,1.00
2016.03.15 07:14:15.882,2.14211,2.14297,1.00,1.50
2016.03.15 07:14:16.397,2.14211,2.14296,1.00,1.00
2016.03.15 07:14:18.061,2.14211,2.14293,1.00,1.00
2016.03.15 07:14:18.963,2.14211,2.14294,1.00,1.00
2016.03.15 07:14:19.480,2.14211,2.14295,1.00,1.00
2016.03.15 07:14:20.031,2.14208,2.14295,1.00,1.00
2016.03.15 07:14:20.310,2.14196,2.14275,1.12,1.00
2016.03.15 07:14:20.411,2.14193,2.14276,1.00,1.00
2016.03.15 07:14:20.512,2.14183,2.14275,1.50,1.00
2016.03.15 07:14:20.903,2.1419,2.14277,1.00,1.00
2016.03.15 07:14:21.004,2.14187,2.14276,1.00,1.00
2016.03.15 07:14:21.055,2.14191,2.14276,1.00,1.00
2016.03.15 07:14:21.156,2.14203,2.14298,1.00,1.75
2016.03.15 07:14:21.308,2.1421,2.14303,1.00,1.00
2016.03.15 07:14:21.359,2.1421,2.14307,1.00,1.00
2016.03.15 07:14:21.410,2.14213,2.14303,1.00,1.00
2016.03.15 07:14:21.940,2.14212,2.14302,1.00,1.00
2016.03.15 07:14:22.452,2.14213,2.14301,1.00,1.00
2016.03.15 07:14:23.115,2.14213,2.143,1.00,1.00
2016.03.15 07:14:24.448,2.14213,2.14296,1.00,1.00
2016.03.15 07:14:26.607,2.14211,2.14296,1.00,1.00
2016.03.15 07:14:27.109,2.14213,2.14297,1.00,1.00
2016.03.15 07:14:33.192,2.14214,2.14297,1.00,1.00
2016.03.15 07:14:34.670,2.14214,2.14296,1.00,1.00
2016.03.15 07:14:36.648,2.14212,2.14296,1.50,1.00
2016.03.15 07:14:37.099,2.14214,2.14296,1.00,1.00
2016.03.15 07:14:38.301,2.14211,2.14296,1.00,1.00
2016.03.15 07:14:39.203,2.14209,2.14297,1.00,1.00
2016.03.15 07:14:39.910,2.1421,2.14297,1.00,1.00
2016.03.15 07:14:41.015,2.14209,2.14297,1.00,1.00
2016.03.15 07:14:41.206,2.14211,2.14297,1.00,1.00
2016.03.15 07:14:44.212,2.14208,2.14297,1.00,1.50
2016.03.15 07:14:48.165,2.14209,2.14297,1.00,1.00
2016.03.15 07:14:48.372,2.14217,2.14306,1.00,1.00
2016.03.15 07:14:48.423,2.14219,2.14306,1.00,1.00
2016.03.15 07:14:48.960,2.1422,2.14306,1.00,1.00
2016.03.15 07:14:49.886,2.14222,2.14306,1.00,1.00
2016.03.15 07:14:50.402,2.14226,2.14306,1.00,1.00
2016.03.15 07:14:51.093,2.14221,2.14306,1.50,1.00
2016.03.15 07:14:51.609,2.14222,2.14306,1.00,1.00
2016.03.15 07:14:52.128,2.14221,2.14306,1.87,1.00
2016.03.15 07:14:52.861,2.14222,2.14306,1.00,1.00
2016.03.15 07:14:54.382,2.14221,2.14306,1.00,1.00
2016.03.15 07:14:55.687,2.14222,2.14306,1.00,1.00
2016.03.15 07:14:56.380,2.14221,2.14306,1.00,1.00
2016.03.15 07:14:56.642,2.14227,2.14307,1.00,1.00
2016.03.15 07:14:57.073,2.14223,2.14307,1.00,1.00
2016.03.15 07:14:57.914,2.14223,2.14306,1.00,1.00
2016.03.15 07:14:58.670,2.14223,2.14307,1.00,1.00
2016.03.15 07:15:00.345,2.14222,2.14307,1.50,1.00
2016.03.15 07:15:03.703,2.14231,2.14307,1.00,1.00
2016.03.15 07:15:03.955,2.14244,2.14327,1.00,1.00
2016.03.15 07:15:04.006,2.14244,2.14331,1.00,1.00
2016.03.15 07:15:06.064,2.14238,2.14331,1.00,1.00
2016.03.15 07:15:06.123,2.14241,2.14331,1.00,1.00
2016.03.15 07:15:06.269,2.14241,2.14334,1.00,1.00
2016.03.15 07:15:06.828,2.14241,2.14333,1.00,1.00
2016.03.15 07:15:09.366,2.1424,2.14333,1.00,1.00
2016.03.15 07:15:09.544,2.14242,2.14332,1.00,1.00
2016.03.15 07:15:10.546,2.14241,2.14332,1.00,1.00
2016.03.15 07:15:11.315,2.14241,2.14326,1.00,1.00
2016.03.15 07:15:11.416,2.14237,2.14326,1.00,1.00
2016.03.15 07:15:15.124,2.14238,2.14326,1.00,1.00
2016.03.15 07:15:15.676,2.14237,2.14326,1.00,1.00
2016.03.15 07:15:17.132,2.14237,2.14327,1.00,1.00
2016.03.15 07:15:18.187,2.14235,2.14327,1.00,1.00
2016.03.15 07:15:20.009,2.14233,2.14327,1.00,1.00
2016.03.15 07:15:21.246,2.14234,2.14326,1.00,1.00
2016.03.15 07:15:21.635,2.14234,2.14324,1.00,1.00
2016.03.15 07:15:21.894,2.14234,2.14326,1.00,1.50
2016.03.15 07:15:21.995,2.14234,2.14323,1.00,1.00
2016.03.15 07:15:22.544,2.14234,2.14322,1.00,1.00
2016.03.15 07:15:23.197,2.14234,2.14321,1.00,1.00
2016.03.15 07:15:23.298,2.14234,2.14323,1.00,1.00
2016.03.15 07:15:23.822,2.14234,2.14322,1.00,1.00
2016.03.15 07:15:27.108,2.14234,2.14323,1.00,1.00
2016.03.15 07:15:27.159,2.14229,2.14323,1.37,1.00
2016.03.15 07:15:27.805,2.14227,2.14322,1.09,1.00
2016.03.15 07:15:30.685,2.14227,2.14316,1.09,1.00
2016.03.15 07:15:30.736,2.14224,2.14316,1.71,1.00
2016.03.15 07:15:31.389,2.14224,2.14316,1.34,1.00
2016.03.15 07:15:33.116,2.14228,2.14316,1.00,1.00
2016.03.15 07:15:34.118,2.14229,2.14316,1.00,1.00
2016.03.15 07:15:35.632,2.14229,2.14317,1.00,1.00
2016.03.15 07:15:36.022,2.14227,2.14317,1.09,1.00
2016.03.15 07:15:36.123,2.1424,2.14317,1.00,1.00
2016.03.15 07:15:36.224,2.14231,2.14317,1.00,1.00
2016.03.15 07:15:36.331,2.14233,2.14319,1.00,1.00
2016.03.15 07:15:36.633,2.14223,2.14307,1.00,1.00
2016.03.15 07:15:36.734,2.14214,2.14306,1.00,1.50
2016.03.15 07:15:36.936,2.14214,2.14304,1.00,1.00
2016.03.15 07:15:37.446,2.14214,2.14305,1.00,1.00
2016.03.15 07:15:38.450,2.14214,2.14304,1.00,1.00
2016.03.15 07:15:38.742,2.14213,2.14306,1.00,1.00
2016.03.15 07:15:39.353,2.14213,2.14307,1.00,1.50
2016.03.15 07:15:40.150,2.14213,2.14306,1.00,1.00
2016.03.15 07:15:41.260,2.14214,2.14306,1.00,1.00
2016.03.15 07:15:41.481,2.14217,2.14307,1.00,1.00
2016.03.15 07:15:41.582,2.14213,2.14307,1.50,1.00
2016.03.15 07:15:41.835,2.14217,2.14307,1.00,1.00
2016.03.15 07:15:42.137,2.14224,2.14316,1.00,1.50
2016.03.15 07:15:42.643,2.14223,2.14315,1.00,1.00
2016.03.15 07:15:43.169,2.14223,2.14314,1.50,1.00
2016.03.15 07:15:43.871,2.14224,2.14315,1.00,1.00
2016.03.15 07:15:44.393,2.14224,2.14316,1.50,1.00
2016.03.15 07:15:46.590,2.14224,2.14317,1.50,1.00
2016.03.15 07:15:47.484,2.14226,2.14316,1.00,1.00
2016.03.15 07:15:47.981,2.14226,2.14318,1.00,1.00
2016.03.15 07:15:48.182,2.14231,2.14318,1.00,1.00
2016.03.15 07:15:49.658,2.14231,2.14316,1.00,1.00
2016.03.15 07:15:50.902,2.14226,2.14316,1.00,1.50
2016.03.15 07:15:51.863,2.14225,2.14316,1.00,1.50
2016.03.15 07:15:52.865,2.14227,2.14316,1.00,1.00
2016.03.15 07:15:53.874,2.14226,2.14316,1.00,1.00
2016.03.15 07:15:56.732,2.14226,2.14318,1.00,1.00
2016.03.15 07:15:57.319,2.1423,2.14322,1.00,1.00
2016.03.15 07:15:57.622,2.14233,2.14317,1.00,1.00
2016.03.15 07:15:57.723,2.14231,2.14316,1.00,1.00
2016.03.15 07:15:59.152,2.14227,2.14316,1.00,1.00
2016.03.15 07:15:59.266,2.14233,2.14318,1.00,1.00
2016.03.15 07:15:59.317,2.14233,2.14321,1.00,1.00
2016.03.15 07:16:00.078,2.14233,2.1432,1.00,1.00
2016.03.15 07:16:02.517,2.14233,2.14321,1.00,1.00
2016.03.15 07:16:03.219,2.14233,2.14322,1.00,1.00
2016.03.15 07:16:07.071,2.14234,2.14322,1.00,1.00
2016.03.15 07:16:09.503,2.14233,2.14322,1.00,1.00
2016.03.15 07:16:10.007,2.14233,2.14323,1.00,1.00
2016.03.15 07:16:15.228,2.14233,2.14322,1.00,1.00
2016.03.15 07:16:18.214,2.14233,2.14323,1.00,1.00
2016.03.15 07:16:20.719,2.14233,2.14322,1.00,1.00
2016.03.15 07:16:21.429,2.14233,2.14324,1.00,1.00
2016.03.15 07:16:22.654,2.14233,2.14323,1.00,1.00
2016.03.15 07:16:25.041,2.14241,2.14323,1.00,1.00
2016.03.15 07:16:25.561,2.14234,2.14324,1.00,1.00
2016.03.15 07:16:25.821,2.14241,2.14324,1.00,1.00
2016.03.15 07:16:26.392,2.14241,2.14325,1.00,1.00
2016.03.15 07:16:27.704,2.14242,2.14325,1.00,1.00
2016.03.15 07:16:28.618,2.14241,2.14325,1.00,1.00
2016.03.15 07:16:29.236,2.14242,2.14323,1.00,1.00
2016.03.15 07:16:29.752,2.14242,2.14322,1.00,1.00
2016.03.15 07:16:30.532,2.14242,2.14321,1.00,1.00
2016.03.15 07:16:32.252,2.14242,2.1432,1.00,1.00
2016.03.15 07:16:32.353,2.14242,2.14322,1.00,1.00
2016.03.15 07:16:32.857,2.14241,2.14322,1.00,1.00
2016.03.15 07:16:33.298,2.14241,2.14324,1.00,1.00
2016.03.15 07:16:33.850,2.14241,2.14323,1.00,1.00
2016.03.15 07:16:34.691,2.14241,2.14324,1.00,1.00
2016.03.15 07:16:34.946,2.14241,2.14322,1.00,1.00
2016.03.15 07:16:36.550,2.14241,2.14316,1.00,1.00
2016.03.15 07:16:36.600,2.14234,2.14316,1.00,1.00
2016.03.15 07:16:36.752,2.14234,2.14311,1.00,1.00
2016.03.15 07:16:36.854,2.14234,2.14313,1.00,1.00
2016.03.15 07:16:36.905,2.14231,2.14313,1.00,1.00
2016.03.15 07:16:36.955,2.14231,2.14311,1.00,1.00
2016.03.15 07:16:37.072,2.14231,2.14313,1.00,1.00
2016.03.15 07:16:37.619,2.14232,2.14313,1.00,1.00
2016.03.15 07:16:38.132,2.14231,2.14306,1.00,1.00
2016.03.15 07:16:38.236,2.14222,2.14303,1.00,1.00
2016.03.15 07:16:38.287,2.14222,2.143,1.00,1.37
2016.03.15 07:16:38.338,2.14211,2.14296,1.00,1.00
2016.03.15 07:16:38.388,2.14204,2.14279,1.00,1.00
2016.03.15 07:16:38.439,2.14189,2.14279,1.00,1.00
2016.03.15 07:16:38.520,2.14191,2.14269,1.00,1.00
2016.03.15 07:16:38.570,2.14181,2.14266,1.00,1.00
2016.03.15 07:16:38.793,2.14181,2.14266,1.00,1.37
2016.03.15 07:16:38.996,2.14192,2.14277,1.00,1.50
2016.03.15 07:16:39.047,2.14201,2.14277,1.00,1.50
2016.03.15 07:16:39.359,2.14202,2.14274,1.00,1.00
2016.03.15 07:16:39.561,2.14192,2.14267,1.00,1.00
2016.03.15 07:16:39.678,2.14182,2.14257,1.00,1.00
2016.03.15 07:16:40.185,2.14181,2.14266,1.00,1.00
2016.03.15 07:16:40.552,2.14181,2.14256,1.00,1.00
2016.03.15 07:16:41.249,2.14182,2.14256,1.00,1.00
2016.03.15 07:16:41.788,2.14181,2.14256,1.00,1.00
2016.03.15 07:16:42.289,2.14182,2.14257,1.00,1.00
2016.03.15 07:16:42.642,2.14181,2.14246,1.00,1.00
2016.03.15 07:16:42.771,2.14171,2.14247,1.00,1.00
2016.03.15 07:16:42.872,2.14171,2.14256,1.00,1.00
2016.03.15 07:16:43.100,2.14181,2.14256,1.00,1.00
2016.03.15 07:16:43.403,2.14182,2.14246,1.00,1.00
2016.03.15 07:16:43.649,2.14171,2.14247,1.00,1.00
2016.03.15 07:16:43.732,2.14181,2.14247,1.00,1.00
2016.03.15 07:16:44.100,2.14172,2.14247,1.00,1.00
2016.03.15 07:16:44.298,2.14181,2.14247,1.00,1.00
2016.03.15 07:16:45.162,2.14182,2.14247,1.00,1.00
2016.03.15 07:16:45.641,2.14171,2.14247,1.00,1.00
2016.03.15 07:16:45.742,2.14181,2.14246,1.00,1.00
2016.03.15 07:16:45.793,2.14181,2.14257,1.00,1.00
2016.03.15 07:16:45.844,2.14171,2.14257,1.00,1.00
2016.03.15 07:16:45.945,2.14181,2.14257,1.00,1.00
2016.03.15 07:16:46.197,2.14171,2.14257,1.00,1.00
2016.03.15 07:16:46.445,2.14182,2.14257,1.00,1.00
2016.03.15 07:16:46.860,2.14172,2.14256,1.00,1.00
2016.03.15 07:16:47.381,2.14174,2.14256,1.00,1.00
2016.03.15 07:16:47.713,2.14182,2.14256,1.00,1.00
2016.03.15 07:16:48.217,2.14182,2.14257,1.00,1.00
2016.03.15 07:16:48.918,2.14172,2.14257,1.00,1.00
2016.03.15 07:16:49.469,2.14182,2.14257,1.00,1.00
2016.03.15 07:16:50.523,2.14182,2.14266,1.00,1.00
2016.03.15 07:16:51.578,2.14181,2.14266,1.00,1.00
2016.03.15 07:16:52.080,2.14182,2.14266,1.00,1.00
2016.03.15 07:16:53.081,2.14181,2.14266,1.00,1.00
2016.03.15 07:16:55.171,2.14182,2.14266,1.00,1.00
2016.03.15 07:16:56.723,2.14181,2.14266,1.00,1.00
2016.03.15 07:16:57.521,2.14186,2.14266,1.00,1.00
2016.03.15 07:16:57.723,2.14191,2.14277,1.00,1.00
2016.03.15 07:16:58.002,2.14193,2.14277,1.00,1.00
2016.03.15 07:16:58.305,2.14202,2.14277,1.00,1.00
2016.03.15 07:16:58.362,2.14193,2.14277,1.00,1.00
2016.03.15 07:16:58.828,2.14197,2.14277,1.00,1.00
2016.03.15 07:17:00.245,2.14201,2.14287,1.00,1.00
2016.03.15 07:17:00.346,2.14198,2.14287,1.00,1.00
2016.03.15 07:17:00.456,2.14201,2.14286,1.00,1.00
2016.03.15 07:17:00.909,2.14192,2.14287,1.50,1.00
2016.03.15 07:17:00.960,2.14192,2.14273,1.00,1.00
2016.03.15 07:17:01.014,2.14192,2.14276,1.00,1.00
2016.03.15 07:17:01.211,2.14192,2.14267,1.00,1.00
2016.03.15 07:17:02.472,2.14191,2.14267,1.00,1.00
2016.03.15 07:17:03.023,2.14192,2.14267,1.00,1.00
2016.03.15 07:17:03.752,2.14191,2.14266,1.00,1.00
2016.03.15 07:17:04.101,2.14191,2.14277,1.00,1.50
2016.03.15 07:17:04.518,2.14191,2.14266,1.00,1.00
2016.03.15 07:17:04.569,2.14181,2.14266,1.00,1.00
2016.03.15 07:17:04.670,2.14175,2.14266,1.00,1.00
2016.03.15 07:17:05.185,2.14174,2.14266,1.00,1.00
2016.03.15 07:17:05.850,2.14174,2.14263,1.00,1.00
2016.03.15 07:17:06.337,2.14174,2.14259,1.00,1.00
2016.03.15 07:17:06.387,2.14163,2.14257,1.00,1.00
2016.03.15 07:17:06.488,2.14163,2.14255,1.00,1.00
2016.03.15 07:17:06.814,2.14154,2.14246,1.00,1.00
2016.03.15 07:17:07.116,2.14162,2.14236,1.00,1.00
2016.03.15 07:17:07.217,2.14151,2.14236,1.00,1.00
2016.03.15 07:17:07.402,2.14161,2.14236,1.00,1.00
2016.03.15 07:17:07.512,2.14151,2.14236,1.00,1.00
2016.03.15 07:17:07.777,2.14162,2.14236,1.00,1.00
2016.03.15 07:17:08.079,2.14151,2.14236,1.00,1.00
2016.03.15 07:17:08.831,2.14152,2.14236,1.00,1.00
2016.03.15 07:17:09.421,2.14161,2.14236,1.00,1.00
2016.03.15 07:17:09.727,2.14151,2.14236,1.00,1.00
2016.03.15 07:17:09.778,2.14151,2.14233,1.00,1.00
2016.03.15 07:17:10.280,2.14152,2.1423,1.00,1.00
2016.03.15 07:17:10.612,2.14152,2.14227,1.00,1.00
2016.03.15 07:17:10.713,2.14141,2.14227,1.00,1.00
2016.03.15 07:17:10.814,2.14138,2.14226,1.00,1.00
2016.03.15 07:17:10.865,2.14135,2.14226,1.00,1.00
2016.03.15 07:17:10.965,2.14141,2.14226,1.00,1.00
2016.03.15 07:17:11.361,2.14142,2.14216,1.00,1.00
2016.03.15 07:17:11.614,2.14132,2.14216,1.00,1.00
2016.03.15 07:17:11.916,2.14142,2.14216,1.00,1.00
2016.03.15 07:17:12.068,2.14131,2.14217,1.00,1.00
2016.03.15 07:17:12.169,2.14123,2.14217,1.50,1.00
2016.03.15 07:17:12.378,2.14132,2.14217,1.00,1.00
2016.03.15 07:17:12.891,2.14132,2.14206,1.00,1.00
2016.03.15 07:17:12.992,2.14132,2.14217,1.00,1.00
