2014.06.11 08:00:00.741,1.95906,1.95958,1.69,1.69
2014.06.11 08:00:01.748,1.95902,1.95955,1.64,1.19
2014.06.11 08:00:01.855,1.95902,1.95955,1.32,1.19
2014.06.11 08:00:02.902,1.95897,1.95948,1.39,1.19
2014.06.11 08:00:06.331,1.95901,1.95954,1.37,1.19
2014.06.11 08:00:08.136,1.95912,1.95954,1.00,1.19
2014.06.11 08:00:08.681,1.95912,1.95955,1.00,1.69
2014.06.11 08:00:09.189,1.95912,1.95954,1.00,1.19
2014.06.11 08:00:09.352,1.95902,1.95954,1.27,1.19
2014.06.11 08:00:10.117,1.95911,1.95954,1.00,1.19
2014.06.11 08:00:10.490,1.95901,1.9595,1.84,1.19
2014.06.11 08:00:10.906,1.95912,1.95952,1.00,1.19
2014.06.11 08:00:11.601,1.95912,1.95953,1.00,1.19
2014.06.11 08:00:12.713,1.95912,1.95953,1.00,1.19
2014.06.11 08:00:12.867,1.95901,1.95953,1.84,1.19
2014.06.11 08:00:12.974,1.95911,1.95953,1.00,1.19
2014.06.11 08:00:15.368,1.95911,1.95953,1.00,1.19
2014.06.11 08:00:16.538,1.95911,1.95953,1.00,1.19
2014.06.11 08:00:17.043,1.95902,1.95953,1.27,1.19
2014.06.11 08:00:17.954,1.95902,1.95951,1.27,1.19
2014.06.11 08:00:18.928,1.95902,1.95951,1.27,1.19
2014.06.11 08:00:20.341,1.95901,1.95951,1.37,1.19
2014.06.11 08:00:20.763,1.95911,1.95951,1.00,1.19
2014.06.11 08:00:20.873,1.95901,1.95951,1.37,1.19
2014.06.11 08:00:21.094,1.95911,1.95951,1.00,1.19
2014.06.11 08:00:22.306,1.95912,1.95949,1.00,1.19
2014.06.11 08:00:22.360,1.95912,1.95949,1.00,1.25
2014.06.11 08:00:26.472,1.95912,1.95947,1.00,1.00
2014.06.11 08:00:26.600,1.95903,1.95947,1.29,1.00
2014.06.11 08:00:26.811,1.95902,1.95947,1.27,1.25
2014.06.11 08:00:27.071,1.95911,1.95947,1.00,1.25
2014.06.11 08:00:27.172,1.95901,1.95943,1.00,1.19
2014.06.11 08:00:27.676,1.95901,1.95937,1.00,1.00
2014.06.11 08:00:28.193,1.95901,1.95936,1.00,1.00
2014.06.11 08:00:28.702,1.95892,1.95936,1.34,1.00
2014.06.11 08:00:29.239,1.95891,1.95936,1.39,1.25
2014.06.11 08:00:29.875,1.95902,1.95943,1.00,1.19
2014.06.11 08:00:29.939,1.95911,1.95948,1.00,1.00
2014.06.11 08:00:29.991,1.95911,1.95945,1.00,1.00
2014.06.11 08:00:30.142,1.95902,1.95945,1.29,1.00
2014.06.11 08:00:30.193,1.95902,1.9595,1.29,1.25
2014.06.11 08:00:30.565,1.95911,1.9595,1.00,1.25
2014.06.11 08:00:30.817,1.95911,1.95955,1.34,1.00
2014.06.11 08:00:31.814,1.95911,1.95955,1.84,1.00
2014.06.11 08:00:34.573,1.95912,1.95956,1.34,1.00
2014.06.11 08:00:34.903,1.95922,1.95961,1.00,1.19
2014.06.11 08:00:35.426,1.95922,1.95958,1.00,1.25
2014.06.11 08:00:36.627,1.95912,1.95958,2.59,1.69
2014.06.11 08:00:36.823,1.95912,1.95958,1.84,1.69
2014.06.11 08:00:36.883,1.95912,1.95956,1.84,1.00
2014.06.11 08:00:37.411,1.95912,1.95955,1.34,1.00
2014.06.11 08:00:37.462,1.95912,1.95957,1.34,1.00
2014.06.11 08:00:38.343,1.95921,1.95957,1.00,1.00
2014.06.11 08:00:38.953,1.95921,1.9596,1.00,1.19
2014.06.11 08:00:40.325,1.95916,1.95959,1.19,1.19
2014.06.11 08:00:40.426,1.95912,1.95953,1.27,1.10
2014.06.11 08:00:40.477,1.95911,1.95953,1.19,1.10
2014.06.11 08:00:40.628,1.95911,1.95948,1.19,1.00
2014.06.11 08:00:40.843,1.95912,1.95957,1.19,1.25
2014.06.11 08:00:40.894,1.95922,1.95957,1.00,1.25
2014.06.11 08:00:41.499,1.95922,1.95966,1.00,1.64
2014.06.11 08:00:42.063,1.95918,1.95966,1.00,1.64
2014.06.11 08:00:42.461,1.95916,1.95966,1.25,1.64
2014.06.11 08:00:42.512,1.95916,1.95967,1.19,2.44
2014.06.11 08:00:43.078,1.95918,1.95967,1.19,1.39
2014.06.11 08:00:44.583,1.95919,1.95967,1.25,1.37
2014.06.11 08:00:47.059,1.95919,1.95967,1.19,1.37
2014.06.11 08:00:48.768,1.95915,1.95964,1.69,1.19
2014.06.11 08:00:50.177,1.95915,1.95964,1.19,1.19
2014.06.11 08:00:51.285,1.95915,1.95964,1.19,1.19
2014.06.11 08:00:52.073,1.95915,1.95959,1.19,1.00
2014.06.11 08:00:52.321,1.95912,1.95959,1.19,1.19
2014.06.11 08:00:53.306,1.95912,1.95961,1.69,1.69
2014.06.11 08:00:55.888,1.95912,1.95961,1.69,1.19
2014.06.11 08:00:57.096,1.95912,1.95959,1.19,1.19
2014.06.11 08:00:57.800,1.95912,1.95959,1.00,1.19
2014.06.11 08:00:57.901,1.9591,1.95956,1.10,1.00
2014.06.11 08:00:58.204,1.95907,1.95956,1.00,1.19
2014.06.11 08:00:58.805,1.95904,1.95955,1.77,1.19
2014.06.11 08:00:59.415,1.95904,1.95954,1.77,1.19
2014.06.11 08:01:00.264,1.95903,1.95949,1.19,1.19
2014.06.11 08:01:01.039,1.9591,1.95952,1.84,1.29
2014.06.11 08:01:01.140,1.9591,1.95955,2.18,1.00
2014.06.11 08:01:01.190,1.95921,1.95955,1.00,1.00
2014.06.11 08:01:01.443,1.95921,1.95963,1.19,1.00
2014.06.11 08:01:01.669,1.95921,1.95957,1.19,1.00
2014.06.11 08:01:03.339,1.95921,1.95957,1.19,1.00
2014.06.11 08:01:05.599,1.95921,1.95957,1.25,1.00
2014.06.11 08:01:05.962,1.95914,1.95955,1.19,1.00
2014.06.11 08:01:06.164,1.95914,1.95958,1.19,1.50
2014.06.11 08:01:06.641,1.95912,1.95958,2.44,1.50
2014.06.11 08:01:08.151,1.95913,1.95958,1.19,1.50
2014.06.11 08:01:08.654,1.95921,1.95958,1.00,1.00
2014.06.11 08:01:09.457,1.95921,1.95958,1.19,1.00
2014.06.11 08:01:10.763,1.95914,1.95958,1.19,1.50
2014.06.11 08:01:11.296,1.95914,1.95957,1.19,1.00
2014.06.11 08:01:11.664,1.95929,1.95959,1.00,1.00
2014.06.11 08:01:12.231,1.9593,1.95959,1.00,1.25
2014.06.11 08:01:12.853,1.95929,1.95959,1.00,1.00
2014.06.11 08:01:13.001,1.95929,1.95968,1.00,1.77
2014.06.11 08:01:13.051,1.95929,1.95959,1.00,1.00
2014.06.11 08:01:13.360,1.95931,1.95968,1.00,1.77
2014.06.11 08:01:13.593,1.95929,1.95968,1.00,1.27
2014.06.11 08:01:13.886,1.95929,1.95969,1.00,1.69
2014.06.11 08:01:14.394,1.9593,1.95969,1.00,1.69
2014.06.11 08:01:14.892,1.9593,1.95969,1.00,1.19
2014.06.11 08:01:15.494,1.9593,1.95969,1.00,1.27
2014.06.11 08:01:16.101,1.9593,1.95969,1.00,1.34
2014.06.11 08:01:16.603,1.9593,1.95967,1.00,1.34
2014.06.11 08:01:17.442,1.9593,1.95959,1.00,1.00
2014.06.11 08:01:20.464,1.9593,1.95958,1.00,1.00
2014.06.11 08:01:20.695,1.95928,1.95958,1.00,1.00
2014.06.11 08:01:21.211,1.95929,1.95958,1.00,1.00
2014.06.11 08:01:21.262,1.95932,1.95968,1.00,1.19
2014.06.11 08:01:21.363,1.95932,1.95968,1.00,1.25
2014.06.11 08:01:21.464,1.95934,1.95968,1.00,1.25
2014.06.11 08:01:21.683,1.95932,1.95969,1.00,1.19
2014.06.11 08:01:22.246,1.95933,1.95969,1.00,1.19
2014.06.11 08:01:22.414,1.95933,1.95969,1.00,1.19
2014.06.11 08:01:23.821,1.95933,1.95969,1.00,1.19
2014.06.11 08:01:26.837,1.95933,1.95969,1.00,1.25
2014.06.11 08:01:27.734,1.95935,1.95969,1.00,1.25
2014.06.11 08:01:28.046,1.9594,1.95968,1.00,1.00
2014.06.11 08:01:28.097,1.9594,1.95979,1.00,1.29
2014.06.11 08:01:28.148,1.95942,1.95979,1.00,1.29
2014.06.11 08:01:28.973,1.95942,1.95969,1.00,1.00
2014.06.11 08:01:29.074,1.95942,1.95979,1.00,1.29
2014.06.11 08:01:29.327,1.95941,1.95969,1.00,1.00
2014.06.11 08:01:30.161,1.95941,1.95978,1.00,1.19
2014.06.11 08:01:31.405,1.95941,1.95978,1.00,1.19
2014.06.11 08:01:32.612,1.95941,1.95978,1.00,1.19
2014.06.11 08:01:33.092,1.95938,1.95978,1.00,1.19
2014.06.11 08:01:33.724,1.95938,1.95978,1.00,1.19
2014.06.11 08:01:34.256,1.95943,1.95978,1.00,1.19
2014.06.11 08:01:34.925,1.95943,1.95978,1.00,1.19
2014.06.11 08:01:35.739,1.95943,1.95979,1.00,1.19
2014.06.11 08:01:38.355,1.95943,1.95979,1.00,1.19
2014.06.11 08:01:38.701,1.95936,1.95979,1.25,1.19
2014.06.11 08:01:38.954,1.95932,1.95977,1.50,1.19
2014.06.11 08:01:39.257,1.95935,1.95977,1.00,1.27
2014.06.11 08:01:39.560,1.9594,1.95977,1.00,1.19
2014.06.11 08:01:40.085,1.9594,1.95979,1.00,1.29
2014.06.11 08:01:40.760,1.95942,1.95983,1.00,1.34
2014.06.11 08:01:41.381,1.95942,1.95984,1.00,1.19
2014.06.11 08:01:41.902,1.9594,1.95979,1.00,1.19
2014.06.11 08:01:42.004,1.95936,1.95979,1.25,1.19
2014.06.11 08:01:42.105,1.95936,1.95978,1.00,1.29
2014.06.11 08:01:42.155,1.95932,1.95969,1.00,1.00
2014.06.11 08:01:42.206,1.95932,1.95969,1.00,1.19
2014.06.11 08:01:42.356,1.95929,1.95969,1.00,1.19
2014.06.11 08:01:42.684,1.95931,1.95971,1.00,1.29
2014.06.11 08:01:43.193,1.95932,1.95971,1.00,1.29
2014.06.11 08:01:43.344,1.9593,1.95969,1.00,1.19
2014.06.11 08:01:43.565,1.95932,1.95971,1.00,1.29
2014.06.11 08:01:44.077,1.95931,1.95971,1.00,1.29
2014.06.11 08:01:44.642,1.95931,1.95973,1.00,1.37
2014.06.11 08:01:45.602,1.95931,1.95975,1.00,1.34
2014.06.11 08:01:46.642,1.95932,1.95975,1.00,1.34
2014.06.11 08:01:47.220,1.95932,1.95974,1.00,1.34
2014.06.11 08:01:48.105,1.95931,1.95974,1.00,1.34
2014.06.11 08:01:50.169,1.95931,1.95975,1.00,1.19
2014.06.11 08:01:51.174,1.95931,1.95975,1.00,1.19
2014.06.11 08:01:54.418,1.95931,1.95975,1.00,1.19
2014.06.11 08:01:57.645,1.95931,1.95977,1.25,1.77
2014.06.11 08:01:58.948,1.95931,1.95972,1.25,1.19
2014.06.11 08:01:59.497,1.95932,1.95973,1.00,1.19
2014.06.11 08:01:59.654,1.95932,1.95976,1.00,1.69
2014.06.11 08:02:00.353,1.95931,1.95976,1.50,1.69
2014.06.11 08:02:00.856,1.95932,1.95975,1.00,1.19
2014.06.11 08:02:02.122,1.95932,1.95975,1.00,1.69
2014.06.11 08:02:04.234,1.95932,1.95976,1.00,1.69
2014.06.11 08:02:05.240,1.95932,1.95976,1.00,1.19
2014.06.11 08:02:05.755,1.95941,1.95976,1.00,1.19
2014.06.11 08:02:05.972,1.95932,1.95976,1.00,1.19
2014.06.11 08:02:06.301,1.95942,1.95976,1.00,1.19
2014.06.11 08:02:07.651,1.95942,1.95978,1.00,1.27
2014.06.11 08:02:08.312,1.95941,1.95978,1.00,1.19
2014.06.11 08:02:08.673,1.95941,1.95978,1.00,1.19
2014.06.11 08:02:09.391,1.95944,1.95984,1.00,1.19
2014.06.11 08:02:09.702,1.95952,1.95992,1.00,1.37
2014.06.11 08:02:10.004,1.95963,1.95992,1.00,1.19
2014.06.11 08:02:10.256,1.95971,1.9601,1.00,1.34
2014.06.11 08:02:10.369,1.95971,1.96014,1.00,1.64
2014.06.11 08:02:10.471,1.95972,1.96016,1.00,1.19
2014.06.11 08:02:10.622,1.95979,1.96016,1.00,1.19
2014.06.11 08:02:10.800,1.95979,1.96021,1.00,1.54
2014.06.11 08:02:11.420,1.95978,1.96018,1.00,1.37
2014.06.11 08:02:11.862,1.95978,1.96016,1.00,1.19
2014.06.11 08:02:13.168,1.95978,1.96017,1.00,1.29
2014.06.11 08:02:14.406,1.95981,1.96019,1.00,1.19
2014.06.11 08:02:14.463,1.95986,1.96019,1.00,1.19
2014.06.11 08:02:14.932,1.95989,1.96018,1.00,1.19
2014.06.11 08:02:15.143,1.95985,1.96023,1.00,1.29
2014.06.11 08:02:15.681,1.95984,1.96018,1.00,1.19
2014.06.11 08:02:19.200,1.95988,1.96022,1.00,1.19
2014.06.11 08:02:19.809,1.95988,1.96024,1.00,1.19
2014.06.11 08:02:21.781,1.95992,1.96024,1.00,1.19
2014.06.11 08:02:24.411,1.95992,1.96025,1.00,1.19
2014.06.11 08:02:28.933,1.95992,1.96024,1.00,1.29
2014.06.11 08:02:32.124,1.95988,1.96024,1.00,1.19
2014.06.11 08:02:33.351,1.95988,1.96025,1.00,1.19
2014.06.11 08:02:38.483,1.95988,1.96027,1.00,1.19
2014.06.11 08:02:39.356,1.9599,1.96027,1.00,1.19
2014.06.11 08:02:39.675,1.9599,1.96025,1.00,1.19
2014.06.11 08:02:40.899,1.9599,1.96026,1.00,1.27
2014.06.11 08:02:42.220,1.9599,1.96027,1.00,1.37
2014.06.11 08:02:47.662,1.95992,1.96027,1.00,1.37
2014.06.11 08:02:47.902,1.9599,1.96027,1.00,1.37
2014.06.11 08:02:48.463,1.95991,1.96027,1.00,1.37
2014.06.11 08:02:49.957,1.95987,1.96027,1.00,1.77
2014.06.11 08:02:50.632,1.95987,1.96019,1.00,1.00
2014.06.11 08:02:51.189,1.95987,1.96018,1.00,1.10
2014.06.11 08:02:51.618,1.95987,1.96018,1.00,1.29
2014.06.11 08:02:52.457,1.95981,1.96018,1.00,1.29
2014.06.11 08:02:52.927,1.95981,1.96018,1.00,1.29
2014.06.11 08:02:54.032,1.95981,1.96017,1.00,1.19
2014.06.11 08:02:56.142,1.95981,1.96018,1.00,1.29
2014.06.11 08:02:57.353,1.95981,1.96019,1.00,1.19
2014.06.11 08:02:58.357,1.95981,1.96019,1.00,1.69
2014.06.11 08:02:59.354,1.95981,1.96019,1.00,1.34
2014.06.11 08:03:00.393,1.95981,1.96019,1.00,1.84
2014.06.11 08:03:01.468,1.95981,1.96019,1.00,1.84
2014.06.11 08:03:02.612,1.95982,1.96026,1.00,1.19
2014.06.11 08:03:02.713,1.95987,1.96026,1.00,1.19
2014.06.11 08:03:02.777,1.95987,1.96028,1.00,1.69
2014.06.11 08:03:02.928,1.95994,1.96028,1.00,1.19
2014.06.11 08:03:03.268,1.95997,1.96028,1.00,1.69
2014.06.11 08:03:03.369,1.95993,1.96028,1.00,1.19
2014.06.11 08:03:04.403,1.95993,1.96028,1.00,1.19
2014.06.11 08:03:07.809,1.95993,1.96028,1.00,1.69
2014.06.11 08:03:08.886,1.95993,1.96028,1.00,1.19
2014.06.11 08:03:11.398,1.95993,1.96028,1.00,1.69
2014.06.11 08:03:12.504,1.95993,1.96028,1.00,1.19
2014.06.11 08:03:15.625,1.95993,1.96029,1.00,1.69
2014.06.11 08:03:16.902,1.95988,1.96028,1.00,1.19
2014.06.11 08:03:17.449,1.95994,1.96029,1.00,1.69
2014.06.11 08:03:17.761,1.95993,1.96028,1.00,1.19
2014.06.11 08:03:17.980,1.95997,1.96028,1.00,1.19
2014.06.11 08:03:18.410,1.95992,1.96028,1.00,1.19
2014.06.11 08:03:20.145,1.95992,1.96028,1.00,1.19
2014.06.11 08:03:21.150,1.95992,1.96028,1.00,1.19
2014.06.11 08:03:21.496,1.95988,1.96029,1.00,1.19
2014.06.11 08:03:21.636,1.95994,1.96029,1.00,1.19
2014.06.11 08:03:22.370,1.95993,1.96029,1.00,1.19
2014.06.11 08:03:22.901,1.95994,1.96028,1.00,1.19
2014.06.11 08:03:23.423,1.95993,1.96028,1.00,1.19
2014.06.11 08:03:23.955,1.95993,1.96028,1.00,1.19
2014.06.11 08:03:24.958,1.95993,1.96028,1.00,1.19
2014.06.11 08:03:26.065,1.95993,1.96028,1.00,1.19
2014.06.11 08:03:26.554,1.95989,1.96029,1.00,1.69
2014.06.11 08:03:28.101,1.95989,1.96028,1.00,1.19
2014.06.11 08:03:29.686,1.95989,1.96028,1.00,1.19
2014.06.11 08:03:31.700,1.95989,1.96029,1.00,1.69
2014.06.11 08:03:33.413,1.95992,1.96028,1.00,1.19
2014.06.11 08:03:33.717,1.95994,1.96028,1.00,1.19
2014.06.11 08:03:36.600,1.95992,1.96028,1.00,1.19
2014.06.11 08:03:38.430,1.95993,1.96028,1.00,1.19
2014.06.11 08:03:39.120,1.95993,1.96028,1.00,1.19
2014.06.11 08:03:40.129,1.95993,1.96028,1.00,1.19
2014.06.11 08:03:41.880,1.95994,1.96028,1.00,1.19
2014.06.11 08:03:47.955,1.95994,1.96029,1.00,1.19
2014.06.11 08:03:48.710,1.95993,1.96029,1.00,1.19
2014.06.11 08:03:48.919,1.95981,1.96028,1.69,1.19
2014.06.11 08:03:49.047,1.95982,1.96028,1.25,1.69
2014.06.11 08:03:50.201,1.95982,1.96028,1.19,1.69
2014.06.11 08:03:52.062,1.95982,1.96028,1.25,1.69
2014.06.11 08:03:53.067,1.95982,1.96028,1.19,1.69
2014.06.11 08:03:55.076,1.95982,1.96028,1.19,1.69
2014.06.11 08:03:56.087,1.95981,1.96028,1.69,1.19
2014.06.11 08:03:57.229,1.95981,1.96028,1.69,1.19
2014.06.11 08:03:59.702,1.95982,1.96028,1.19,1.69
2014.06.11 08:04:02.451,1.95981,1.96028,1.69,1.19
2014.06.11 08:04:03.307,1.95981,1.96028,1.99,1.19
2014.06.11 08:04:03.843,1.95981,1.96028,1.99,1.19
2014.06.11 08:04:03.946,1.95981,1.96028,1.69,1.19
2014.06.11 08:04:04.313,1.95981,1.96028,1.99,1.19
2014.06.11 08:04:05.319,1.95982,1.96028,1.32,1.69
2014.06.11 08:04:05.969,1.95984,1.96028,1.00,1.69
2014.06.11 08:04:06.327,1.95991,1.9603,1.00,1.69
2014.06.11 08:04:06.378,1.95991,1.9603,1.00,1.19
2014.06.11 08:04:06.429,1.95993,1.96039,1.00,2.44
2014.06.11 08:04:07.636,1.95996,1.96039,1.00,1.69
2014.06.11 08:04:08.392,1.96001,1.96038,1.00,1.19
2014.06.11 08:04:08.674,1.96001,1.96038,1.00,1.19
2014.06.11 08:04:09.176,1.96004,1.96043,1.00,1.37
2014.06.11 08:04:09.701,1.96003,1.96038,1.00,1.19
2014.06.11 08:04:10.043,1.96015,1.96038,1.00,1.19
2014.06.11 08:04:10.571,1.96016,1.96038,1.00,1.19
2014.06.11 08:04:11.293,1.96018,1.96045,1.00,1.27
2014.06.11 08:04:11.495,1.96021,1.96049,1.00,1.37
2014.06.11 08:04:12.686,1.96021,1.96048,1.00,1.19
2014.06.11 08:04:12.908,1.96017,1.96038,1.00,1.00
2014.06.11 08:04:13.110,1.96017,1.96049,1.00,1.27
2014.06.11 08:04:13.161,1.96023,1.96049,1.00,1.27
2014.06.11 08:04:13.377,1.96021,1.96049,1.00,1.27
2014.06.11 08:04:13.750,1.96021,1.96049,1.00,1.27
2014.06.11 08:04:14.327,1.96021,1.96038,1.00,1.00
2014.06.11 08:04:14.479,1.96017,1.96038,1.00,1.00
2014.06.11 08:04:14.997,1.96017,1.96049,1.00,1.27
2014.06.11 08:04:15.259,1.96017,1.96046,1.00,1.19
2014.06.11 08:04:19.788,1.96017,1.96039,1.00,1.19
2014.06.11 08:04:22.701,1.96017,1.96038,1.00,1.25
2014.06.11 08:04:24.307,1.96017,1.96038,1.00,1.19
2014.06.11 08:04:25.625,1.96017,1.96038,1.00,1.25
2014.06.11 08:04:26.905,1.96017,1.96038,1.00,1.19
2014.06.11 08:04:28.104,1.96017,1.96038,1.00,1.25
2014.06.11 08:04:28.639,1.96017,1.96048,1.00,1.29
2014.06.11 08:04:28.740,1.96013,1.96048,1.00,1.29
2014.06.11 08:04:29.219,1.96002,1.96047,1.00,1.29
2014.06.11 08:04:29.630,1.96002,1.96047,1.00,1.77
2014.06.11 08:04:30.321,1.96001,1.96047,1.50,1.77
2014.06.11 08:04:31.165,1.96002,1.96047,1.00,1.77
2014.06.11 08:04:32.153,1.96001,1.96047,1.50,1.77
2014.06.11 08:04:32.704,1.96002,1.96047,1.00,1.77
2014.06.11 08:04:32.972,1.96007,1.96048,1.00,1.27
2014.06.11 08:04:33.323,1.96012,1.96051,1.00,1.19
2014.06.11 08:04:33.875,1.96011,1.96052,1.00,1.19
2014.06.11 08:04:34.742,1.96011,1.96052,1.00,1.19
2014.06.11 08:04:36.298,1.96012,1.96052,1.00,1.19
2014.06.11 08:04:37.105,1.96012,1.96052,1.00,1.19
2014.06.11 08:04:37.374,1.96021,1.96052,1.00,1.19
2014.06.11 08:04:38.016,1.96021,1.96052,1.00,1.00
2014.06.11 08:04:39.888,1.96011,1.96052,1.19,1.00
2014.06.11 08:04:41.456,1.96011,1.96052,1.00,1.25
2014.06.11 08:04:42.129,1.96015,1.96059,1.00,1.77
2014.06.11 08:04:42.899,1.96021,1.96058,1.00,1.34
2014.06.11 08:04:43.645,1.96021,1.96056,1.00,1.34
2014.06.11 08:04:44.650,1.96021,1.96058,1.00,1.84
2014.06.11 08:04:45.946,1.96015,1.96058,1.00,1.84
2014.06.11 08:04:46.864,1.96015,1.96057,1.00,1.34
2014.06.11 08:04:47.847,1.96015,1.96056,1.00,1.34
2014.06.11 08:04:49.239,1.96017,1.96056,1.00,1.34
2014.06.11 08:04:50.062,1.96016,1.96056,1.00,1.34
2014.06.11 08:04:51.565,1.96016,1.96054,1.00,1.37
2014.06.11 08:04:53.624,1.96021,1.96054,1.00,1.37
2014.06.11 08:04:54.402,1.96016,1.96054,1.00,1.37
2014.06.11 08:04:55.012,1.96016,1.96055,1.00,1.34
2014.06.11 08:04:55.176,1.96021,1.96055,1.00,1.27
2014.06.11 08:04:55.226,1.96021,1.96061,1.00,1.34
2014.06.11 08:04:55.428,1.96024,1.96061,1.00,1.34
2014.06.11 08:04:56.295,1.96024,1.96065,1.00,1.39
2014.06.11 08:04:58.853,1.96022,1.96063,1.00,1.34
2014.06.11 08:04:59.170,1.96016,1.96058,1.25,1.29
2014.06.11 08:04:59.356,1.96022,1.9606,1.00,1.37
2014.06.11 08:04:59.527,1.96018,1.96059,1.00,1.27
2014.06.11 08:04:59.659,1.96018,1.96057,1.00,1.27
2014.06.11 08:04:59.710,1.96004,1.96057,1.19,1.34
2014.06.11 08:05:00.079,1.96012,1.96057,1.00,1.34
2014.06.11 08:05:00.659,1.96006,1.96057,1.19,1.19
2014.06.11 08:05:01.352,1.96004,1.96057,1.19,1.19
2014.06.11 08:05:02.011,1.96003,1.96056,1.29,1.19
2014.06.11 08:05:04.826,1.96002,1.96055,1.37,1.19
2014.06.11 08:05:05.443,1.96002,1.96043,1.19,1.00
2014.06.11 08:05:05.832,1.95997,1.96043,1.29,1.00
2014.06.11 08:05:07.138,1.95996,1.96043,1.27,1.19
2014.06.11 08:05:08.646,1.95997,1.96047,1.29,1.19
2014.06.11 08:05:09.612,1.95997,1.96042,1.29,1.00
2014.06.11 08:05:11.660,1.95998,1.96042,1.19,1.00
2014.06.11 08:05:13.849,1.95996,1.96042,1.27,1.00
2014.06.11 08:05:14.884,1.95995,1.96042,1.27,1.00
2014.06.11 08:05:15.894,1.95995,1.96046,1.77,1.19
2014.06.11 08:05:16.402,1.96002,1.9605,1.19,1.29
2014.06.11 08:05:17.372,1.96002,1.96052,1.69,1.27
2014.06.11 08:05:18.379,1.95998,1.96048,1.19,1.19
2014.06.11 08:05:19.582,1.95998,1.96048,1.19,1.19
2014.06.11 08:05:21.193,1.95999,1.96048,1.19,1.19
2014.06.11 08:05:23.188,1.96001,1.96049,1.19,1.19
2014.06.11 08:05:24.205,1.96002,1.96052,1.19,1.27
2014.06.11 08:05:27.615,1.96001,1.96054,1.19,1.37
2014.06.11 08:05:28.764,1.96001,1.96052,1.19,1.29
2014.06.11 08:05:29.756,1.96002,1.96053,1.19,1.27
2014.06.11 08:05:30.736,1.96002,1.96054,1.19,1.37
2014.06.11 08:05:32.059,1.95999,1.96049,1.29,1.19
2014.06.11 08:05:33.050,1.96,1.96049,1.19,1.19
2014.06.11 08:05:36.066,1.95999,1.96049,1.29,1.19
2014.06.11 08:05:38.174,1.95999,1.96048,1.29,1.25
2014.06.11 08:05:38.814,1.95999,1.96049,1.67,1.19
2014.06.11 08:05:39.119,1.96001,1.96054,1.69,1.19
2014.06.11 08:05:39.170,1.96001,1.96054,1.39,1.19
2014.06.11 08:05:39.362,1.96006,1.96056,1.19,1.19
2014.06.11 08:05:40.372,1.96,1.96049,1.19,1.19
2014.06.11 08:05:41.302,1.95997,1.96047,1.19,1.29
2014.06.11 08:05:41.605,1.95994,1.96038,1.19,1.00
2014.06.11 08:05:41.888,1.95987,1.96039,1.34,1.19
2014.06.11 08:05:42.907,1.95988,1.96039,1.37,1.19
2014.06.11 08:05:44.241,1.95991,1.96039,1.19,1.19
2014.06.11 08:05:46.130,1.95997,1.96048,1.19,1.19
2014.06.11 08:05:47.115,1.95997,1.96048,1.19,1.19
2014.06.11 08:05:48.119,1.95999,1.96048,1.19,1.19
2014.06.11 08:05:49.212,1.95999,1.96049,1.19,1.19
2014.06.11 08:05:50.750,1.95998,1.96049,1.19,1.19
2014.06.11 08:05:53.079,1.95993,1.96046,1.19,1.37
2014.06.11 08:05:53.282,1.95991,1.96041,1.19,1.34
2014.06.11 08:05:54.875,1.95992,1.96041,1.19,1.34
2014.06.11 08:05:55.885,1.95991,1.96043,1.19,1.34
2014.06.11 08:05:57.181,1.95992,1.96044,1.19,1.34
2014.06.11 08:05:58.662,1.95992,1.96043,1.19,1.19
2014.06.11 08:05:59.764,1.95992,1.96035,1.19,1.00
2014.06.11 08:05:59.815,1.95992,1.96035,1.19,1.34
2014.06.11 08:06:00.067,1.95977,1.96018,1.25,1.10
2014.06.11 08:06:00.379,1.95981,1.96019,1.00,1.08
2014.06.11 08:06:00.689,1.95981,1.96016,1.00,1.19
2014.06.11 08:06:01.194,1.95982,1.96011,1.00,1.25
2014.06.11 08:06:01.660,1.95982,1.96011,1.00,1.19
2014.06.11 08:06:03.869,1.95982,1.96011,1.00,1.19
2014.06.11 08:06:04.692,1.95991,1.96011,1.00,1.00
2014.06.11 08:06:04.944,1.95991,1.96024,1.00,1.29
2014.06.11 08:06:05.475,1.95992,1.96025,1.00,1.27
2014.06.11 08:06:06.688,1.95992,1.96026,1.00,1.19
2014.06.11 08:06:07.792,1.95992,1.96028,1.00,1.19
2014.06.11 08:06:10.102,1.95992,1.96027,1.00,1.19
2014.06.11 08:06:12.211,1.95992,1.96026,1.00,1.19
2014.06.11 08:06:13.618,1.95984,1.96026,1.00,1.19
2014.06.11 08:06:13.720,1.95984,1.96028,1.00,1.19
2014.06.11 08:06:13.974,1.95982,1.96023,1.00,1.19
2014.06.11 08:06:14.306,1.95982,1.96023,1.00,1.69
2014.06.11 08:06:14.613,1.95972,1.96007,1.30,1.00
2014.06.11 08:06:14.664,1.95972,1.96007,1.00,1.00
2014.06.11 08:06:14.715,1.95972,1.96011,1.00,1.00
2014.06.11 08:06:14.817,1.95972,1.96011,1.00,1.15
2014.06.11 08:06:15.120,1.95962,1.95995,1.00,1.00
2014.06.11 08:06:15.171,1.95962,1.96003,1.00,1.00
2014.06.11 08:06:15.763,1.95962,1.96003,1.00,1.19
2014.06.11 08:06:15.975,1.95962,1.96003,1.00,1.69
2014.06.11 08:06:16.366,1.95971,1.96003,1.00,1.19
2014.06.11 08:06:17.033,1.95971,1.96003,1.00,1.19
2014.06.11 08:06:17.084,1.95961,1.96003,1.50,1.19
2014.06.11 08:06:17.135,1.95961,1.95995,1.00,1.00
2014.06.11 08:06:17.286,1.95961,1.96003,1.00,1.69
2014.06.11 08:06:17.801,1.95962,1.96002,1.00,1.19
2014.06.11 08:06:18.026,1.95962,1.96,1.00,1.19
2014.06.11 08:06:19.367,1.95958,1.95998,1.00,1.19
2014.06.11 08:06:20.253,1.95958,1.95998,1.00,1.19
2014.06.11 08:06:20.907,1.95962,1.96002,1.00,1.69
2014.06.11 08:06:21.348,1.95972,1.96002,1.00,1.69
2014.06.11 08:06:21.702,1.95957,1.95999,1.00,1.19
2014.06.11 08:06:21.858,1.95959,1.95998,1.00,1.19
2014.06.11 08:06:22.187,1.95961,1.96002,1.00,1.19
2014.06.11 08:06:22.550,1.95961,1.95999,1.00,1.19
2014.06.11 08:06:23.756,1.95961,1.96,1.00,1.19
2014.06.11 08:06:24.318,1.95962,1.96,1.00,1.34
2014.06.11 08:06:26.627,1.95959,1.95999,1.00,1.19
2014.06.11 08:06:27.701,1.95959,1.95997,1.00,1.19
2014.06.11 08:06:28.708,1.95963,1.95998,1.00,1.19
2014.06.11 08:06:30.012,1.95963,1.95998,1.00,1.19
2014.06.11 08:06:31.004,1.95963,1.95999,1.00,1.19
2014.06.11 08:06:31.894,1.95964,1.95999,1.00,1.19
2014.06.11 08:06:32.919,1.95964,1.96,1.00,1.19
2014.06.11 08:06:34.091,1.95964,1.96006,1.00,1.19
2014.06.11 08:06:35.579,1.95971,1.96006,1.00,1.19
2014.06.11 08:06:36.097,1.95972,1.96007,1.50,1.19
2014.06.11 08:06:36.810,1.95972,1.96009,1.00,1.19
2014.06.11 08:06:36.861,1.95981,1.96009,1.00,1.19
2014.06.11 08:06:37.114,1.95975,1.96009,1.00,1.19
2014.06.11 08:06:37.269,1.95972,1.96009,1.50,1.19
2014.06.11 08:06:37.625,1.95972,1.96,1.00,1.00
2014.06.11 08:06:38.067,1.95961,1.96,1.19,1.00
2014.06.11 08:06:38.320,1.95961,1.96,1.00,1.19
2014.06.11 08:06:38.836,1.95962,1.96,1.00,1.19
2014.06.11 08:06:39.406,1.95962,1.96,1.00,1.25
2014.06.11 08:06:40.387,1.95961,1.96005,1.25,1.90
2014.06.11 08:06:40.906,1.95962,1.96006,1.00,1.90
2014.06.11 08:06:40.957,1.95962,1.96004,1.19,1.20
2014.06.11 08:06:42.097,1.95971,1.96009,1.00,1.57
2014.06.11 08:06:42.794,1.95972,1.96012,1.00,1.19
2014.06.11 08:06:45.043,1.95972,1.96011,1.00,1.19
2014.06.11 08:06:46.706,1.95981,1.96011,1.00,1.69
2014.06.11 08:06:47.157,1.95981,1.96008,1.00,1.19
2014.06.11 08:06:48.233,1.95982,1.96008,1.00,1.19
2014.06.11 08:06:48.284,1.95982,1.9601,1.00,1.69
2014.06.11 08:06:48.586,1.95971,1.96008,1.00,1.34
2014.06.11 08:06:49.552,1.95982,1.96007,1.00,1.37
2014.06.11 08:06:49.884,1.95982,1.96005,1.00,1.29
2014.06.11 08:06:50.317,1.95972,1.96005,1.00,1.29
2014.06.11 08:06:53.772,1.95972,1.96,1.00,1.19
2014.06.11 08:06:54.439,1.95971,1.96002,1.00,1.27
2014.06.11 08:06:54.490,1.95961,1.95997,1.00,1.19
2014.06.11 08:06:54.591,1.95972,1.95997,1.00,1.28
2014.06.11 08:06:54.817,1.95962,1.95996,1.00,1.19
2014.06.11 08:06:55.394,1.95961,1.95996,1.00,1.19
2014.06.11 08:06:55.970,1.95961,1.95996,1.00,1.19
2014.06.11 08:06:56.907,1.95961,1.95999,1.00,1.19
2014.06.11 08:06:57.556,1.95962,1.95999,1.00,1.19
2014.06.11 08:06:58.213,1.95962,1.96,1.00,1.19
2014.06.11 08:06:59.303,1.95962,1.96,1.00,1.19
2014.06.11 08:07:00.308,1.95962,1.96,1.00,1.19
2014.06.11 08:07:01.958,1.95962,1.95997,1.00,1.19
2014.06.11 08:07:04.755,1.95962,1.95997,1.00,1.19
2014.06.11 08:07:05.545,1.95962,1.96002,1.00,1.19
2014.06.11 08:07:05.599,1.95971,1.96002,1.00,1.19
2014.06.11 08:07:06.228,1.95972,1.96005,1.00,1.19
2014.06.11 08:07:06.731,1.95971,1.96005,1.00,1.19
2014.06.11 08:07:07.235,1.95971,1.96005,1.00,1.19
2014.06.11 08:07:07.477,1.95971,1.96016,1.00,1.19
2014.06.11 08:07:08.004,1.95972,1.96013,1.00,1.19
2014.06.11 08:07:08.560,1.95971,1.96016,1.00,1.19
2014.06.11 08:07:09.445,1.95971,1.96015,1.00,1.19
2014.06.11 08:07:09.869,1.95981,1.96015,1.00,1.19
2014.06.11 08:07:10.481,1.95981,1.96014,1.00,1.19
2014.06.11 08:07:12.400,1.95982,1.96014,1.00,1.19
2014.06.11 08:07:12.957,1.95981,1.96014,1.00,1.19
2014.06.11 08:07:13.831,1.95982,1.96014,1.00,1.19
2014.06.11 08:07:14.877,1.95982,1.96018,1.00,1.27
2014.06.11 08:07:15.079,1.95971,1.96018,1.00,1.27
2014.06.11 08:07:15.582,1.95972,1.96018,1.00,1.77
2014.06.11 08:07:16.085,1.95972,1.96018,1.19,1.27
2014.06.11 08:07:17.175,1.95972,1.96017,1.00,1.29
2014.06.11 08:07:17.907,1.95971,1.96017,1.25,1.29
2014.06.11 08:07:18.567,1.95971,1.96016,1.00,1.19
2014.06.11 08:07:19.497,1.95971,1.96017,1.00,1.29
2014.06.11 08:07:20.096,1.95972,1.96017,1.00,1.29
2014.06.11 08:07:22.096,1.95972,1.96016,1.00,1.19
2014.06.11 08:07:23.240,1.95972,1.96015,1.00,1.19
2014.06.11 08:07:26.156,1.95972,1.96012,1.00,1.19
2014.06.11 08:07:27.117,1.95972,1.96015,1.00,1.19
2014.06.11 08:07:27.827,1.95964,1.96015,1.19,1.77
2014.06.11 08:07:28.220,1.95964,1.96013,1.19,1.19
2014.06.11 08:07:29.525,1.95964,1.96011,1.19,1.34
2014.06.11 08:07:33.144,1.95964,1.9601,1.00,1.34
2014.06.11 08:07:36.773,1.95963,1.96011,1.19,1.34
2014.06.11 08:07:37.765,1.95963,1.96008,1.00,1.27
2014.06.11 08:07:39.162,1.95963,1.96004,1.00,1.19
2014.06.11 08:07:39.212,1.95956,1.96004,1.00,1.19
2014.06.11 08:07:39.263,1.95956,1.95996,1.00,1.69
2014.06.11 08:07:39.465,1.95947,1.95994,1.00,1.39
2014.06.11 08:07:39.667,1.95949,1.95994,1.00,1.29
2014.06.11 08:07:40.855,1.95948,1.95994,1.00,1.29
2014.06.11 08:07:41.583,1.95948,1.95999,1.19,2.59
2014.06.11 08:07:41.686,1.95962,1.95999,1.00,1.19
2014.06.11 08:07:41.992,1.95972,1.96008,1.00,1.39
2014.06.11 08:07:42.093,1.95959,1.96008,1.25,1.39
2014.06.11 08:07:42.655,1.95962,1.96008,1.00,1.19
2014.06.11 08:07:43.181,1.95969,1.96007,1.00,1.19
2014.06.11 08:07:43.582,1.95969,1.96013,1.00,1.27
2014.06.11 08:07:44.517,1.95967,1.96013,1.00,1.27
2014.06.11 08:07:44.619,1.9597,1.96013,1.00,1.27
2014.06.11 08:07:45.072,1.9597,1.96015,1.00,1.37
2014.06.11 08:07:45.809,1.95966,1.96015,1.19,1.37
2014.06.11 08:07:46.011,1.95961,1.96008,1.69,1.19
2014.06.11 08:07:46.644,1.95982,1.96008,1.00,1.19
2014.06.11 08:07:46.694,1.95982,1.96014,1.00,1.27
2014.06.11 08:07:47.708,1.95981,1.96014,1.00,1.25
2014.06.11 08:07:49.119,1.95981,1.96015,1.00,1.27
2014.06.11 08:07:49.170,1.95962,1.96015,1.19,1.27
2014.06.11 08:07:49.221,1.95962,1.96009,1.19,1.15
2014.06.11 08:07:49.373,1.95955,1.96008,1.00,1.69
2014.06.11 08:07:49.776,1.95951,1.96001,1.19,1.99
2014.06.11 08:07:49.826,1.95941,1.95989,1.34,1.00
2014.06.11 08:07:49.877,1.95941,1.95983,1.34,1.00
2014.06.11 08:07:49.928,1.95941,1.95983,1.40,1.00
2014.06.11 08:07:49.979,1.95941,1.95983,1.33,1.10
2014.06.11 08:07:50.130,1.95942,1.95983,1.00,1.29
2014.06.11 08:07:50.888,1.95941,1.95983,1.00,1.29
2014.06.11 08:07:51.810,1.95941,1.95982,1.00,1.19
2014.06.11 08:07:52.916,1.95941,1.95983,1.00,1.77
2014.06.11 08:07:53.751,1.95952,1.95983,1.00,1.77
2014.06.11 08:07:53.874,1.95941,1.95983,1.00,1.77
2014.06.11 08:07:53.925,1.95941,1.95983,1.00,1.29
2014.06.11 08:07:54.166,1.95943,1.95987,1.00,1.34
2014.06.11 08:07:55.657,1.95951,1.95987,1.00,1.19
2014.06.11 08:07:56.757,1.95942,1.95987,1.00,1.19
2014.06.11 08:07:57.620,1.95951,1.95988,1.00,2.44
2014.06.11 08:07:58.126,1.95951,1.95988,1.00,1.69
2014.06.11 08:07:58.338,1.95944,1.95988,1.00,2.44
2014.06.11 08:07:58.389,1.95942,1.95987,1.50,1.19
2014.06.11 08:07:59.474,1.95941,1.95987,1.25,1.19
2014.06.11 08:07:59.977,1.95942,1.95987,1.00,1.19
2014.06.11 08:08:00.501,1.95942,1.95987,1.50,1.19
2014.06.11 08:08:01.306,1.95952,1.95987,1.00,1.19
2014.06.11 08:08:02.370,1.95952,1.95992,1.00,1.19
2014.06.11 08:08:03.375,1.95952,1.95992,1.00,1.19
2014.06.11 08:08:04.500,1.95952,1.95992,1.00,1.19
2014.06.11 08:08:04.835,1.95941,1.9598,1.64,1.00
2014.06.11 08:08:05.088,1.95936,1.95979,1.19,1.09
2014.06.11 08:08:05.189,1.95931,1.95969,1.84,1.00
2014.06.11 08:08:05.291,1.95931,1.95975,1.58,1.00
2014.06.11 08:08:05.392,1.95932,1.95975,1.00,1.00
2014.06.11 08:08:05.630,1.95932,1.95975,1.00,1.69
2014.06.11 08:08:06.162,1.95935,1.95975,1.00,1.19
2014.06.11 08:08:06.694,1.95935,1.95978,1.00,1.19
2014.06.11 08:08:06.957,1.95935,1.95969,1.00,1.00
2014.06.11 08:08:07.147,1.95923,1.95968,1.19,1.00
2014.06.11 08:08:07.197,1.95923,1.95968,1.19,1.20
2014.06.11 08:08:07.248,1.95923,1.9596,1.00,1.00
2014.06.11 08:08:07.299,1.95923,1.9596,1.00,1.75
2014.06.11 08:08:07.400,1.95913,1.95952,1.19,1.15
2014.06.11 08:08:07.501,1.95913,1.9595,1.19,1.38
2014.06.11 08:08:07.653,1.95911,1.95952,1.00,1.75
2014.06.11 08:08:07.796,1.95906,1.95952,1.00,1.75
2014.06.11 08:08:07.847,1.95906,1.95952,1.00,1.15
2014.06.11 08:08:07.897,1.95906,1.95951,1.00,1.34
2014.06.11 08:08:07.948,1.95902,1.9595,1.19,1.34
2014.06.11 08:08:09.675,1.95901,1.95936,1.19,1.00
2014.06.11 08:08:10.201,1.95901,1.95936,1.00,1.00
2014.06.11 08:08:11.148,1.95901,1.95934,1.00,1.00
2014.06.11 08:08:11.351,1.95891,1.95934,1.25,1.00
2014.06.11 08:08:11.402,1.95891,1.95934,1.00,1.69
2014.06.11 08:08:13.884,1.95891,1.95933,1.00,1.19
2014.06.11 08:08:14.439,1.95892,1.95933,1.00,1.19
2014.06.11 08:08:16.801,1.95892,1.95932,1.00,1.19
2014.06.11 08:08:17.898,1.95892,1.95935,1.00,1.69
2014.06.11 08:08:20.609,1.95892,1.95935,1.00,1.69
2014.06.11 08:08:21.136,1.95881,1.95924,1.37,1.00
2014.06.11 08:08:21.351,1.95881,1.95924,1.00,1.19
2014.06.11 08:08:22.418,1.95881,1.95924,1.25,1.19
2014.06.11 08:08:22.919,1.95882,1.95924,1.00,1.19
2014.06.11 08:08:23.607,1.95882,1.95924,1.00,1.19
2014.06.11 08:08:24.917,1.95877,1.95918,1.19,1.00
2014.06.11 08:08:25.653,1.95886,1.95919,1.00,1.25
2014.06.11 08:08:26.049,1.95891,1.95926,1.00,1.19
2014.06.11 08:08:26.201,1.95881,1.95925,1.00,1.19
2014.06.11 08:08:26.252,1.95881,1.95925,1.69,1.00
2014.06.11 08:08:26.403,1.95885,1.95928,1.19,1.19
2014.06.11 08:08:26.656,1.959,1.95934,1.00,1.19
2014.06.11 08:08:26.948,1.95884,1.95928,1.19,1.19
2014.06.11 08:08:27.049,1.95884,1.95928,1.00,1.69
2014.06.11 08:08:27.100,1.95884,1.95919,1.00,1.00
2014.06.11 08:08:27.200,1.95874,1.95918,1.19,1.00
2014.06.11 08:08:27.251,1.95872,1.95918,1.00,1.25
2014.06.11 08:08:27.403,1.95872,1.9591,1.00,1.00
2014.06.11 08:08:28.848,1.95872,1.95916,1.50,1.29
2014.06.11 08:08:29.954,1.95872,1.95918,1.69,1.69
2014.06.11 08:08:30.177,1.95884,1.95921,1.00,1.19
2014.06.11 08:08:30.403,1.95882,1.95921,1.00,1.19
2014.06.11 08:08:31.070,1.95881,1.95921,1.00,1.19
2014.06.11 08:08:31.171,1.95881,1.95923,1.00,1.19
2014.06.11 08:08:31.373,1.95891,1.95925,1.00,1.19
2014.06.11 08:08:31.676,1.95892,1.9593,1.00,1.19
2014.06.11 08:08:32.080,1.95891,1.95936,1.27,1.19
2014.06.11 08:08:33.377,1.95892,1.95938,1.29,1.19
2014.06.11 08:08:34.108,1.95889,1.95928,1.37,1.00
2014.06.11 08:08:34.646,1.95888,1.95928,1.34,1.00
2014.06.11 08:08:34.860,1.95882,1.95928,2.44,1.00
2014.06.11 08:08:34.912,1.95881,1.95922,2.14,1.00
2014.06.11 08:08:34.962,1.95881,1.95922,1.27,1.00
2014.06.11 08:08:35.013,1.95884,1.95929,1.19,1.19
2014.06.11 08:08:35.215,1.95888,1.95928,1.00,1.19
2014.06.11 08:08:35.367,1.95892,1.95938,1.15,1.57
2014.06.11 08:08:35.967,1.95892,1.95938,1.34,1.19
2014.06.11 08:08:37.776,1.95892,1.95937,1.34,1.19
2014.06.11 08:08:38.986,1.95892,1.95938,1.34,1.19
2014.06.11 08:08:39.987,1.95892,1.95938,1.34,1.19
2014.06.11 08:08:40.993,1.95892,1.95938,1.34,1.19
2014.06.11 08:08:41.321,1.95891,1.95938,1.19,2.07
2014.06.11 08:08:41.624,1.95888,1.95928,1.27,1.00
2014.06.11 08:08:42.621,1.95886,1.95928,1.34,1.00
2014.06.11 08:08:43.326,1.95886,1.95932,1.34,1.19
2014.06.11 08:08:43.377,1.95886,1.95932,1.64,1.19
2014.06.11 08:08:43.428,1.95887,1.95932,1.64,1.00
2014.06.11 08:08:43.529,1.95902,1.95947,1.00,1.69
2014.06.11 08:08:43.630,1.95902,1.95947,1.08,2.07
2014.06.11 08:08:43.932,1.95903,1.95956,1.15,1.19
2014.06.11 08:08:44.517,1.95906,1.95956,1.15,1.19
2014.06.11 08:08:44.618,1.95908,1.95959,1.34,1.19
2014.06.11 08:08:45.100,1.95913,1.95958,1.19,1.19
2014.06.11 08:08:46.154,1.95913,1.95958,1.19,1.00
2014.06.11 08:08:47.815,1.95913,1.95962,1.84,1.19
2014.06.11 08:08:48.415,1.95913,1.95962,1.34,1.19
2014.06.11 08:08:49.355,1.95913,1.95949,1.29,1.00
2014.06.11 08:08:50.022,1.95908,1.95949,1.34,1.00
2014.06.11 08:08:51.628,1.95908,1.95949,1.84,1.00
2014.06.11 08:08:52.184,1.95908,1.95948,1.84,1.00
2014.06.11 08:08:52.844,1.95908,1.95948,1.34,1.00
2014.06.11 08:08:54.417,1.95908,1.95949,1.34,1.00
2014.06.11 08:08:54.638,1.95911,1.95955,1.27,1.19
2014.06.11 08:08:55.305,1.95911,1.95955,1.27,1.19
2014.06.11 08:08:56.064,1.95908,1.95949,1.34,1.00
2014.06.11 08:08:56.824,1.95908,1.95949,1.34,1.00
2014.06.11 08:08:57.449,1.95908,1.95949,1.34,1.00
2014.06.11 08:08:57.844,1.95911,1.95955,1.27,1.19
2014.06.11 08:08:58.757,1.95911,1.95955,1.27,1.19
2014.06.11 08:08:59.136,1.95908,1.95949,1.34,1.00
2014.06.11 08:08:59.846,1.95908,1.95948,1.34,1.00
2014.06.11 08:09:00.175,1.95911,1.95955,1.27,1.19
2014.06.11 08:09:00.385,1.95912,1.95955,1.27,1.00
2014.06.11 08:09:00.436,1.9592,1.95958,1.00,1.00
2014.06.11 08:09:00.637,1.95912,1.95954,1.69,1.00
2014.06.11 08:09:00.940,1.95912,1.95958,1.84,1.00
2014.06.11 08:09:01.179,1.95912,1.95955,1.84,1.00
2014.06.11 08:09:01.636,1.95912,1.95948,1.19,1.00
2014.06.11 08:09:02.175,1.95908,1.95948,1.37,1.00
2014.06.11 08:09:02.523,1.95918,1.95949,1.00,1.00
2014.06.11 08:09:05.044,1.95918,1.95948,1.00,1.00
2014.06.11 08:09:05.257,1.95915,1.95948,1.00,1.00
2014.06.11 08:09:05.525,1.95911,1.95948,1.19,1.00
2014.06.11 08:09:06.236,1.95911,1.95948,1.00,1.00
2014.06.11 08:09:07.574,1.95911,1.95949,1.00,1.00
2014.06.11 08:09:09.468,1.9591,1.95949,1.25,1.00
2014.06.11 08:09:10.532,1.95906,1.95949,1.19,1.38
2014.06.11 08:09:10.869,1.95906,1.95938,1.00,1.00
2014.06.11 08:09:10.920,1.95906,1.95949,1.00,1.57
2014.06.11 08:09:11.195,1.95901,1.95938,1.37,1.00
2014.06.11 08:09:11.246,1.95901,1.95938,1.00,1.00
2014.06.11 08:09:11.347,1.95891,1.95928,1.19,1.34
2014.06.11 08:09:11.448,1.95882,1.95928,1.27,1.34
2014.06.11 08:09:11.555,1.95879,1.95918,1.19,1.00
2014.06.11 08:09:12.313,1.95879,1.95919,1.19,1.00
2014.06.11 08:09:12.781,1.95882,1.95928,1.19,1.53
2014.06.11 08:09:12.882,1.95882,1.95928,1.00,1.53
2014.06.11 08:09:13.894,1.95882,1.95928,1.08,1.19
2014.06.11 08:09:14.069,1.95879,1.95919,1.34,1.00
2014.06.11 08:09:14.221,1.95882,1.95928,1.27,1.19
2014.06.11 08:09:14.273,1.95881,1.95918,1.27,1.00
2014.06.11 08:09:14.498,1.95881,1.95929,1.77,1.65
2014.06.11 08:09:15.210,1.95882,1.95929,1.27,1.28
2014.06.11 08:09:15.261,1.95887,1.95929,1.00,1.28
2014.06.11 08:09:15.362,1.95885,1.95929,1.25,1.28
2014.06.11 08:09:15.615,1.95885,1.95918,1.25,1.00
2014.06.11 08:09:15.770,1.9588,1.95918,1.19,1.00
2014.06.11 08:09:15.821,1.95884,1.95918,1.00,1.00
2014.06.11 08:09:15.922,1.95881,1.95918,1.19,1.00
2014.06.11 08:09:15.973,1.95882,1.95927,1.02,1.19
2014.06.11 08:09:16.024,1.95884,1.95928,1.00,1.19
2014.06.11 08:09:16.327,1.95882,1.95919,1.29,1.00
2014.06.11 08:09:16.834,1.95882,1.95918,1.29,1.00
2014.06.11 08:09:17.362,1.95883,1.95919,1.79,1.00
2014.06.11 08:09:17.413,1.95876,1.95919,2.37,1.00
2014.06.11 08:09:17.464,1.95876,1.95919,1.79,1.50
2014.06.11 08:09:17.565,1.95875,1.95919,1.19,1.69
2014.06.11 08:09:17.764,1.95872,1.95917,1.19,1.00
2014.06.11 08:09:18.461,1.95872,1.95916,1.79,1.00
2014.06.11 08:09:18.772,1.95873,1.95916,1.79,1.00
2014.06.11 08:09:19.104,1.95888,1.95928,1.00,1.57
2014.06.11 08:09:19.634,1.95885,1.95928,1.00,2.07
2014.06.11 08:09:19.746,1.95887,1.95928,1.00,1.57
2014.06.11 08:09:19.797,1.95887,1.95929,1.00,1.57
2014.06.11 08:09:20.442,1.95886,1.95929,1.00,1.57
2014.06.11 08:09:20.645,1.95881,1.95924,1.19,1.65
2014.06.11 08:09:20.877,1.9588,1.95919,1.19,1.00
2014.06.11 08:09:21.500,1.9588,1.95919,1.79,1.00
2014.06.11 08:09:21.652,1.95882,1.95918,1.00,1.00
2014.06.11 08:09:21.909,1.95882,1.95926,1.50,1.57
2014.06.11 08:09:22.594,1.95882,1.95926,1.69,1.57
2014.06.11 08:09:23.075,1.95882,1.95919,1.19,1.00
2014.06.11 08:09:23.293,1.95882,1.95926,1.19,1.57
2014.06.11 08:09:23.801,1.95882,1.95926,1.19,1.57
2014.06.11 08:09:24.744,1.95883,1.95929,1.19,2.82
2014.06.11 08:09:25.830,1.95883,1.95918,1.25,1.00
2014.06.11 08:09:26.070,1.95887,1.95929,1.00,1.57
2014.06.11 08:09:26.695,1.95887,1.95929,1.00,1.19
2014.06.11 08:09:26.822,1.95887,1.95929,1.00,1.19
2014.06.11 08:09:27.164,1.95889,1.95929,1.00,1.19
2014.06.11 08:09:28.012,1.95889,1.95929,1.00,1.19
2014.06.11 08:09:28.113,1.95889,1.95918,1.00,1.00
2014.06.11 08:09:28.314,1.95882,1.95925,1.19,1.10
2014.06.11 08:09:29.024,1.95881,1.95927,1.69,1.64
2014.06.11 08:09:29.176,1.95881,1.95922,1.25,1.00
2014.06.11 08:09:29.634,1.95882,1.95908,1.00,1.00
2014.06.11 08:09:29.685,1.95872,1.95908,1.00,1.00
2014.06.11 08:09:29.735,1.95872,1.95902,1.00,1.00
2014.06.11 08:09:29.887,1.95862,1.95902,1.00,1.00
2014.06.11 08:09:29.938,1.95862,1.95899,1.00,1.00
2014.06.11 08:09:30.318,1.95854,1.95899,1.19,1.50
2014.06.11 08:09:30.369,1.95854,1.95899,1.00,1.69
2014.06.11 08:09:31.112,1.95862,1.95899,1.00,1.19
2014.06.11 08:09:31.314,1.95853,1.95898,1.00,1.69
2014.06.11 08:09:31.465,1.95852,1.95897,1.25,1.69
2014.06.11 08:09:32.484,1.95851,1.95896,1.00,1.19
2014.06.11 08:09:33.161,1.95852,1.95896,1.00,1.19
2014.06.11 08:09:34.952,1.95852,1.95894,1.00,1.19
2014.06.11 08:09:35.732,1.95851,1.95894,1.00,1.19
2014.06.11 08:09:38.762,1.95851,1.95892,1.00,1.19
2014.06.11 08:09:38.914,1.95837,1.95879,1.00,1.00
2014.06.11 08:09:38.965,1.95831,1.95867,1.09,1.00
2014.06.11 08:09:39.015,1.95831,1.95867,1.02,1.00
2014.06.11 08:09:39.167,1.95832,1.95878,1.00,1.18
2014.06.11 08:09:39.569,1.95832,1.95876,1.00,1.19
2014.06.11 08:09:40.406,1.95832,1.95866,1.00,1.00
2014.06.11 08:09:40.557,1.95821,1.95866,2.59,1.00
2014.06.11 08:09:40.610,1.95821,1.95862,1.84,1.00
2014.06.11 08:09:40.773,1.95821,1.95862,1.19,1.00
2014.06.11 08:09:40.964,1.95832,1.95862,1.00,1.00
2014.06.11 08:09:41.267,1.95841,1.95873,1.00,1.34
2014.06.11 08:09:41.418,1.95842,1.95878,1.00,1.19
2014.06.11 08:09:41.670,1.95851,1.95877,1.00,1.19
2014.06.11 08:09:41.771,1.95842,1.95877,1.00,1.19
2014.06.11 08:09:42.064,1.95851,1.95877,1.00,1.19
2014.06.11 08:09:42.664,1.95851,1.95877,1.00,1.19
2014.06.11 08:09:43.376,1.95842,1.95877,1.00,1.34
2014.06.11 08:09:43.952,1.95841,1.95877,1.00,1.34
2014.06.11 08:09:44.398,1.95841,1.95876,1.00,1.34
2014.06.11 08:09:46.124,1.95832,1.95876,1.00,1.34
2014.06.11 08:09:46.376,1.95826,1.95874,1.19,1.27
2014.06.11 08:09:46.578,1.95831,1.9587,1.00,1.27
2014.06.11 08:09:46.978,1.95831,1.95867,1.00,1.19
2014.06.11 08:09:47.491,1.95832,1.95867,1.00,1.19
2014.06.11 08:09:48.109,1.95832,1.95869,1.00,1.19
2014.06.11 08:09:49.533,1.95841,1.95869,1.00,1.19
2014.06.11 08:09:50.152,1.95832,1.95856,1.00,1.00
2014.06.11 08:09:50.204,1.95832,1.95869,1.00,1.29
2014.06.11 08:09:50.670,1.95842,1.95869,1.00,1.19
2014.06.11 08:09:50.722,1.95842,1.95876,1.00,1.19
2014.06.11 08:09:50.873,1.95832,1.95876,1.00,1.19
2014.06.11 08:09:51.025,1.95831,1.95881,1.19,1.19
2014.06.11 08:09:53.003,1.95827,1.9588,1.34,1.19
2014.06.11 08:09:53.624,1.95822,1.95868,1.69,1.00
2014.06.11 08:09:53.977,1.95822,1.95868,1.34,1.00
2014.06.11 08:09:54.937,1.95822,1.95868,1.34,1.19
2014.06.11 08:09:55.964,1.95822,1.95868,1.40,1.19
2014.06.11 08:09:57.030,1.95821,1.95867,1.40,1.19
2014.06.11 08:09:59.304,1.95821,1.95867,1.00,1.19
2014.06.11 08:10:00.314,1.95822,1.95867,1.00,1.19
2014.06.11 08:10:00.844,1.95821,1.95867,1.00,1.19
2014.06.11 08:10:01.155,1.95826,1.95868,1.00,1.19
2014.06.11 08:10:01.417,1.95822,1.95868,1.00,1.19
2014.06.11 08:10:01.476,1.95831,1.95868,1.00,1.19
2014.06.11 08:10:01.783,1.95833,1.95868,1.00,1.19
2014.06.11 08:10:02.121,1.95835,1.95868,1.00,1.19
2014.06.11 08:10:02.740,1.95835,1.95869,1.00,1.19
2014.06.11 08:10:03.684,1.95842,1.9587,1.00,1.19
2014.06.11 08:10:03.904,1.95837,1.9587,1.00,1.19
2014.06.11 08:10:04.344,1.95834,1.95869,1.00,1.19
2014.06.11 08:10:05.101,1.95834,1.9587,1.00,1.19
2014.06.11 08:10:06.089,1.95834,1.95869,1.00,1.19
2014.06.11 08:10:06.140,1.95837,1.95869,1.00,1.19
2014.06.11 08:10:06.654,1.95835,1.95869,1.00,1.19
2014.06.11 08:10:07.188,1.95835,1.9587,1.00,1.19
2014.06.11 08:10:08.318,1.95841,1.9587,1.00,1.19
2014.06.11 08:10:08.420,1.95837,1.9587,1.00,1.19
2014.06.11 08:10:08.634,1.95832,1.9587,1.00,1.19
2014.06.11 08:10:10.384,1.95831,1.9587,1.00,1.19
2014.06.11 08:10:11.506,1.95831,1.95873,1.00,1.27
2014.06.11 08:10:12.034,1.95832,1.95873,1.00,1.27
2014.06.11 08:10:12.709,1.95832,1.9587,1.00,1.37
2014.06.11 08:10:13.855,1.95832,1.95871,1.00,1.19
2014.06.11 08:10:14.399,1.95833,1.95871,1.00,1.19
2014.06.11 08:10:14.897,1.95842,1.95871,1.00,1.19
2014.06.11 08:10:15.501,1.95842,1.95872,1.00,1.19
2014.06.11 08:10:15.920,1.95852,1.95872,1.00,1.19
2014.06.11 08:10:16.321,1.95852,1.95874,1.00,1.37
2014.06.11 08:10:16.544,1.95842,1.95874,1.00,1.37
2014.06.11 08:10:16.874,1.95851,1.95874,1.00,1.37
2014.06.11 08:10:17.927,1.95851,1.95881,1.00,1.69
2014.06.11 08:10:18.643,1.95851,1.95881,1.00,1.39
2014.06.11 08:10:18.946,1.95851,1.95884,1.00,1.19
2014.06.11 08:10:19.465,1.95852,1.95884,1.00,1.19
2014.06.11 08:10:19.974,1.95851,1.95884,1.00,1.19
2014.06.11 08:10:20.446,1.95851,1.95888,1.00,1.34
2014.06.11 08:10:20.978,1.95852,1.95888,1.00,1.34
2014.06.11 08:10:21.674,1.95852,1.95889,1.00,1.84
2014.06.11 08:10:22.335,1.95851,1.95889,1.00,1.84
2014.06.11 08:10:24.316,1.95852,1.95889,1.00,1.34
2014.06.11 08:10:24.924,1.95851,1.95889,1.00,1.34
2014.06.11 08:10:25.373,1.95851,1.95887,1.00,1.37
2014.06.11 08:10:25.915,1.95852,1.95887,1.00,1.37
2014.06.11 08:10:26.379,1.95852,1.95889,1.00,1.34
2014.06.11 08:10:27.615,1.95842,1.95887,1.25,1.37
2014.06.11 08:10:27.828,1.95852,1.95887,1.00,1.37
2014.06.11 08:10:28.474,1.95852,1.95888,1.00,1.34
2014.06.11 08:10:28.814,1.95861,1.95888,1.00,1.34
2014.06.11 08:10:29.927,1.95861,1.95894,1.00,1.84
2014.06.11 08:10:32.929,1.95862,1.95894,1.00,2.59
2014.06.11 08:10:33.145,1.95851,1.95894,1.00,1.84
2014.06.11 08:10:34.645,1.95852,1.95893,1.00,1.34
2014.06.11 08:10:35.228,1.95852,1.95893,1.00,1.34
2014.06.11 08:10:35.767,1.95851,1.95894,1.00,2.59
2014.06.11 08:10:40.274,1.95851,1.95894,1.00,1.34
2014.06.11 08:10:40.873,1.95852,1.95894,1.00,1.34
2014.06.11 08:10:41.448,1.95852,1.95894,1.00,1.34
2014.06.11 08:10:41.533,1.95862,1.95894,1.00,1.34
2014.06.11 08:10:43.247,1.95862,1.95894,1.00,1.19
2014.06.11 08:10:43.758,1.95861,1.95894,1.00,1.19
2014.06.11 08:10:44.419,1.95861,1.95894,1.00,1.19
2014.06.11 08:10:46.237,1.95861,1.95894,1.00,1.37
2014.06.11 08:10:47.239,1.95861,1.95894,1.00,1.37
2014.06.11 08:10:48.185,1.95861,1.95905,1.00,1.84
2014.06.11 08:10:48.702,1.95864,1.95905,1.00,2.52
2014.06.11 08:10:49.044,1.95871,1.95904,1.00,1.34
2014.06.11 08:10:49.170,1.95862,1.95904,1.00,1.34
2014.06.11 08:10:49.345,1.95872,1.95904,1.00,1.27
2014.06.11 08:10:50.257,1.95872,1.95904,1.00,1.27
2014.06.11 08:10:50.564,1.95863,1.95905,1.00,1.37
2014.06.11 08:10:51.103,1.95864,1.95905,1.00,1.37
2014.06.11 08:10:51.258,1.95864,1.95907,1.00,1.34
2014.06.11 08:10:51.533,1.95862,1.95907,1.50,1.34
2014.06.11 08:10:52.216,1.95857,1.95899,1.19,1.25
2014.06.11 08:10:52.318,1.95862,1.95901,1.00,1.19
2014.06.11 08:10:52.886,1.95861,1.95904,1.00,1.77
2014.06.11 08:10:53.417,1.95861,1.95904,1.00,1.77
2014.06.11 08:10:54.276,1.95861,1.95903,1.00,1.29
2014.06.11 08:10:55.386,1.95861,1.95903,1.00,1.29
2014.06.11 08:10:57.578,1.95861,1.95902,1.00,1.19
2014.06.11 08:10:58.783,1.95861,1.95903,1.00,1.29
2014.06.11 08:10:59.285,1.95861,1.95901,1.00,1.19
2014.06.11 08:11:03.902,1.95861,1.959,1.00,1.19
2014.06.11 08:11:04.547,1.95862,1.959,1.00,1.19
2014.06.11 08:11:04.853,1.95864,1.959,1.00,1.19
2014.06.11 08:11:04.954,1.95867,1.9591,1.00,1.29
2014.06.11 08:11:05.156,1.95869,1.9591,1.00,1.29
2014.06.11 08:11:06.014,1.95869,1.95912,1.00,1.37
2014.06.11 08:11:09.300,1.95864,1.95912,1.25,1.37
2014.06.11 08:11:09.351,1.95864,1.95898,1.00,1.00
2014.06.11 08:11:09.452,1.95857,1.95898,1.00,1.00
2014.06.11 08:11:09.655,1.95854,1.95898,1.19,1.00
2014.06.11 08:11:10.432,1.95853,1.95897,1.00,1.19
2014.06.11 08:11:10.848,1.95857,1.95897,1.00,1.19
2014.06.11 08:11:11.613,1.95856,1.95897,1.00,1.19
2014.06.11 08:11:12.170,1.95856,1.95896,1.00,1.19
2014.06.11 08:11:12.830,1.95856,1.95897,1.00,1.19
2014.06.11 08:11:14.918,1.95857,1.95897,1.00,1.19
2014.06.11 08:11:15.236,1.95861,1.95897,1.00,1.19
2014.06.11 08:11:15.286,1.95857,1.95897,1.00,1.19
2014.06.11 08:11:15.402,1.95862,1.95897,1.00,1.19
2014.06.11 08:11:16.368,1.95862,1.95896,1.00,1.69
2014.06.11 08:11:16.420,1.95851,1.95896,1.00,1.69
2014.06.11 08:11:16.672,1.95841,1.95887,1.50,1.19
2014.06.11 08:11:17.216,1.95842,1.95887,1.00,1.19
2014.06.11 08:11:17.644,1.95842,1.95884,1.00,1.19
2014.06.11 08:11:18.148,1.95833,1.95878,1.19,1.19
2014.06.11 08:11:19.072,1.95833,1.95875,1.00,1.19
2014.06.11 08:11:20.059,1.95833,1.95876,1.00,1.19
2014.06.11 08:11:20.546,1.95831,1.95876,1.50,1.19
2014.06.11 08:11:20.899,1.95842,1.95876,1.00,1.19
2014.06.11 08:11:21.464,1.95842,1.95877,1.00,1.19
2014.06.11 08:11:22.874,1.95851,1.95877,1.00,1.19
2014.06.11 08:11:23.182,1.95851,1.95884,1.00,1.19
2014.06.11 08:11:24.393,1.95851,1.95884,1.00,1.19
2014.06.11 08:11:24.920,1.95852,1.95884,1.00,1.19
2014.06.11 08:11:25.468,1.95852,1.95884,1.00,1.19
2014.06.11 08:11:26.025,1.95851,1.95884,1.00,1.19
2014.06.11 08:11:27.872,1.95861,1.95886,1.00,1.19
2014.06.11 08:11:28.442,1.95862,1.95887,1.00,1.69
2014.06.11 08:11:28.537,1.95851,1.95887,1.00,1.69
2014.06.11 08:11:29.694,1.95851,1.95887,1.00,1.19
2014.06.11 08:11:34.150,1.95851,1.95887,1.00,1.19
2014.06.11 08:11:39.775,1.95851,1.95887,1.00,1.19
2014.06.11 08:11:40.108,1.95842,1.95887,1.19,1.19
2014.06.11 08:11:43.736,1.95841,1.95887,1.29,1.19
2014.06.11 08:11:44.812,1.95851,1.95886,1.00,1.19
2014.06.11 08:11:45.059,1.95841,1.95886,1.29,1.19
2014.06.11 08:11:46.049,1.95841,1.95889,1.29,1.19
2014.06.11 08:11:47.249,1.95841,1.95889,1.29,1.19
2014.06.11 08:11:48.693,1.95841,1.95889,1.29,1.19
2014.06.11 08:11:49.682,1.95841,1.95889,1.29,1.69
2014.06.11 08:11:49.765,1.95851,1.95889,1.00,1.69
2014.06.11 08:11:50.764,1.95851,1.95889,1.00,1.19
2014.06.11 08:11:51.990,1.95851,1.95889,1.00,1.19
2014.06.11 08:11:52.600,1.95852,1.95889,1.00,1.19
2014.06.11 08:11:53.676,1.95852,1.95889,1.00,1.19
2014.06.11 08:11:55.783,1.95852,1.95889,1.00,1.19
2014.06.11 08:11:56.800,1.95852,1.95886,1.00,1.19
2014.06.11 08:11:57.730,1.95841,1.95886,1.00,1.34
2014.06.11 08:11:57.793,1.95851,1.95886,1.00,1.34
2014.06.11 08:11:58.237,1.95851,1.95883,1.00,1.37
2014.06.11 08:11:59.665,1.95842,1.95883,1.00,1.37
2014.06.11 08:12:00.234,1.95852,1.95883,1.00,1.37
2014.06.11 08:12:02.946,1.95842,1.95883,1.00,1.37
2014.06.11 08:12:03.925,1.95842,1.95882,1.00,1.27
2014.06.11 08:12:06.016,1.95842,1.95881,1.00,1.29
2014.06.11 08:12:06.069,1.95852,1.95881,1.00,1.29
2014.06.11 08:12:06.354,1.95842,1.95881,1.00,1.29
2014.06.11 08:12:07.019,1.95842,1.95883,1.00,1.37
2014.06.11 08:12:07.271,1.95842,1.95891,1.00,1.84
2014.06.11 08:12:07.373,1.95851,1.95891,1.00,1.27
2014.06.11 08:12:07.882,1.95852,1.95891,1.00,1.19
2014.06.11 08:12:07.933,1.95842,1.95891,1.19,1.19
2014.06.11 08:12:08.705,1.95851,1.95891,1.00,1.19
2014.06.11 08:12:09.023,1.95852,1.95887,1.00,1.19
2014.06.11 08:12:09.528,1.95851,1.95887,1.00,1.19
2014.06.11 08:12:09.932,1.95851,1.95885,1.00,1.19
2014.06.11 08:12:12.344,1.95846,1.95885,1.00,1.19
2014.06.11 08:12:12.955,1.95852,1.95885,1.00,1.19
2014.06.11 08:12:13.151,1.95852,1.95889,1.00,1.27
2014.06.11 08:12:13.336,1.95846,1.95889,1.00,1.27
2014.06.11 08:12:13.662,1.95844,1.95889,1.00,1.27
2014.06.11 08:12:14.579,1.95844,1.95885,1.00,1.34
2014.06.11 08:12:15.976,1.95844,1.95886,1.00,1.34
2014.06.11 08:12:17.297,1.95845,1.95886,1.00,1.34
2014.06.11 08:12:18.161,1.95844,1.95886,1.00,1.29
2014.06.11 08:12:18.778,1.95844,1.95889,1.00,1.37
2014.06.11 08:12:19.784,1.95844,1.95888,1.00,1.27
2014.06.11 08:12:21.112,1.95844,1.95889,1.00,1.37
2014.06.11 08:12:21.364,1.9585,1.95889,1.00,1.19
2014.06.11 08:12:21.516,1.95851,1.95894,1.00,1.37
2014.06.11 08:12:21.901,1.95854,1.95894,1.00,1.37
2014.06.11 08:12:22.451,1.95851,1.95894,1.00,1.37
2014.06.11 08:12:22.502,1.95846,1.95894,1.25,1.37
2014.06.11 08:12:22.621,1.95846,1.95891,1.00,1.19
2014.06.11 08:12:22.922,1.95841,1.95891,1.19,1.19
2014.06.11 08:12:23.073,1.95841,1.95884,1.00,1.19
2014.06.11 08:12:24.331,1.95841,1.95883,1.00,1.19
2014.06.11 08:12:24.684,1.95847,1.95892,1.00,1.34
2014.06.11 08:12:24.734,1.95852,1.95892,1.00,1.27
2014.06.11 08:12:24.785,1.95852,1.95895,1.00,1.34
2014.06.11 08:12:24.886,1.95855,1.95895,1.00,1.34
2014.06.11 08:12:25.081,1.95852,1.95894,1.00,1.37
2014.06.11 08:12:25.233,1.95854,1.95896,1.00,1.34
2014.06.11 08:12:25.283,1.95854,1.959,1.00,1.39
2014.06.11 08:12:25.384,1.95861,1.959,1.00,1.37
2014.06.11 08:12:25.749,1.95862,1.95906,1.00,1.39
2014.06.11 08:12:26.286,1.95863,1.95906,1.00,1.39
2014.06.11 08:12:26.791,1.95871,1.95906,1.00,1.19
2014.06.11 08:12:26.892,1.95873,1.95912,1.00,1.34
2014.06.11 08:12:27.425,1.95875,1.95912,1.00,1.29
2014.06.11 08:12:28.192,1.95875,1.95917,1.00,1.34
2014.06.11 08:12:29.165,1.95875,1.95919,1.00,1.29
2014.06.11 08:12:29.641,1.95872,1.95919,2.25,1.29
2014.06.11 08:12:30.185,1.95872,1.95917,1.00,1.19
2014.06.11 08:12:31.626,1.95872,1.95908,1.00,1.00
2014.06.11 08:12:31.878,1.95868,1.95908,1.00,1.29
2014.06.11 08:12:31.929,1.95863,1.95908,1.19,1.37
2014.06.11 08:12:32.080,1.95872,1.95912,1.00,1.84
2014.06.11 08:12:32.282,1.95866,1.95909,1.00,1.34
2014.06.11 08:12:32.481,1.9587,1.95909,1.00,1.34
2014.06.11 08:12:32.698,1.95868,1.95909,1.00,1.34
2014.06.11 08:12:32.935,1.95875,1.95909,1.00,1.27
2014.06.11 08:12:33.272,1.95877,1.95912,1.00,1.29
2014.06.11 08:12:33.462,1.95872,1.95912,1.00,1.29
2014.06.11 08:12:34.149,1.95871,1.95909,1.00,1.19
2014.06.11 08:12:34.513,1.95872,1.95911,1.00,1.19
2014.06.11 08:12:35.149,1.95871,1.95909,1.00,1.19
2014.06.11 08:12:37.223,1.95877,1.95911,1.00,1.34
2014.06.11 08:12:37.882,1.95876,1.95911,1.00,1.34
2014.06.11 08:12:38.184,1.95865,1.95903,1.00,1.37
2014.06.11 08:12:38.437,1.95863,1.95903,1.00,1.39
2014.06.11 08:12:38.638,1.95858,1.95903,1.00,1.39
2014.06.11 08:12:38.932,1.95861,1.95903,1.00,1.39
2014.06.11 08:12:39.235,1.95862,1.95897,1.00,1.27
2014.06.11 08:12:39.336,1.95857,1.95897,1.00,1.27
2014.06.11 08:12:39.638,1.95852,1.95897,1.00,1.27
2014.06.11 08:12:40.179,1.95853,1.95897,1.00,1.27
2014.06.11 08:12:40.230,1.95853,1.95894,1.00,1.19
2014.06.11 08:12:41.626,1.95853,1.95894,1.00,1.34
2014.06.11 08:12:42.687,1.95845,1.95889,1.00,1.19
2014.06.11 08:12:44.910,1.95845,1.95889,1.00,1.19
2014.06.11 08:12:45.976,1.95845,1.95888,1.00,1.64
2014.06.11 08:12:46.279,1.95842,1.95875,1.00,1.34
2014.06.11 08:12:46.426,1.95831,1.95875,1.00,1.34
2014.06.11 08:12:47.301,1.95826,1.95868,1.19,1.25
2014.06.11 08:12:47.452,1.95825,1.95868,1.00,1.19
2014.06.11 08:12:47.755,1.95831,1.9587,1.00,1.19
2014.06.11 08:12:48.629,1.95831,1.95869,1.00,1.19
2014.06.11 08:12:50.034,1.95831,1.95871,1.00,1.29
2014.06.11 08:12:50.085,1.95824,1.95871,1.19,1.29
2014.06.11 08:12:51.172,1.95822,1.95871,1.19,1.29
2014.06.11 08:12:52.947,1.95822,1.95871,1.19,1.29
2014.06.11 08:12:53.956,1.95822,1.95871,1.19,1.29
2014.06.11 08:12:55.371,1.95821,1.95868,1.19,1.19
2014.06.11 08:12:55.879,1.95826,1.95871,1.00,1.29
2014.06.11 08:12:56.457,1.95823,1.95871,1.19,1.29
2014.06.11 08:12:57.472,1.95821,1.95874,1.19,3.19
2014.06.11 08:12:58.761,1.95822,1.95873,1.19,1.39
2014.06.11 08:12:59.659,1.95817,1.95864,1.19,1.00
2014.06.11 08:13:00.164,1.95817,1.95864,1.19,1.25
2014.06.11 08:13:01.072,1.95821,1.95864,1.19,1.19
2014.06.11 08:13:03.082,1.95815,1.95864,1.69,1.00
2014.06.11 08:13:03.622,1.95821,1.95867,1.25,1.09
2014.06.11 08:13:04.107,1.95821,1.95867,1.00,1.37
2014.06.11 08:13:04.614,1.95822,1.95869,1.50,1.34
2014.06.11 08:13:05.128,1.95822,1.95869,1.50,1.39
2014.06.11 08:13:08.904,1.95822,1.95859,1.00,1.00
2014.06.11 08:13:09.314,1.95822,1.95848,1.00,1.00
2014.06.11 08:13:09.364,1.95819,1.95848,1.00,1.00
2014.06.11 08:13:09.465,1.95809,1.95848,1.27,1.00
2014.06.11 08:13:09.667,1.95813,1.95852,1.19,1.00
2014.06.11 08:13:09.718,1.95823,1.95865,1.00,1.29
2014.06.11 08:13:09.920,1.95823,1.95869,1.00,1.19
2014.06.11 08:13:10.121,1.9582,1.95848,1.00,1.00
2014.06.11 08:13:10.373,1.95801,1.95847,1.69,1.34
2014.06.11 08:13:10.424,1.95801,1.95846,1.50,1.53
2014.06.11 08:13:10.475,1.95801,1.95828,1.00,1.00
2014.06.11 08:13:10.621,1.95797,1.95828,1.25,1.00
2014.06.11 08:13:11.241,1.95796,1.95839,1.19,1.19
2014.06.11 08:13:11.292,1.95796,1.95829,1.19,1.00
2014.06.11 08:13:11.817,1.95794,1.95828,1.49,1.00
2014.06.11 08:13:12.204,1.9579,1.95828,1.24,1.00
2014.06.11 08:13:12.424,1.95791,1.95837,1.49,1.19
2014.06.11 08:13:13.124,1.95791,1.95837,1.49,1.19
2014.06.11 08:13:13.628,1.95791,1.95837,1.49,1.19
2014.06.11 08:13:14.150,1.95791,1.95837,1.49,1.19
2014.06.11 08:13:15.633,1.95791,1.95837,1.99,1.25
2014.06.11 08:13:16.125,1.95802,1.95837,1.00,1.25
2014.06.11 08:13:16.671,1.95811,1.95844,1.00,1.19
2014.06.11 08:13:16.846,1.95811,1.95846,1.00,1.69
2014.06.11 08:13:17.458,1.95812,1.95846,1.00,1.69
2014.06.11 08:13:21.899,1.95812,1.95846,1.00,1.27
2014.06.11 08:13:22.370,1.95801,1.95846,1.00,1.34
2014.06.11 08:13:23.171,1.95801,1.95846,1.00,1.64
2014.06.11 08:13:24.275,1.95802,1.95842,1.00,1.19
2014.06.11 08:13:24.683,1.95811,1.95842,1.00,1.19
2014.06.11 08:13:24.824,1.95801,1.95842,1.00,1.19
2014.06.11 08:13:25.473,1.95801,1.95843,1.00,1.29
2014.06.11 08:13:26.481,1.95801,1.95844,1.00,1.37
2014.06.11 08:13:27.162,1.95802,1.95844,1.00,1.37
2014.06.11 08:13:27.364,1.958,1.95844,1.00,1.19
2014.06.11 08:13:27.415,1.95791,1.95838,1.69,1.00
2014.06.11 08:13:27.985,1.95791,1.95838,1.19,1.19
2014.06.11 08:13:28.093,1.95801,1.95838,1.00,1.19
2014.06.11 08:13:28.870,1.95802,1.95839,1.00,1.19
2014.06.11 08:13:29.394,1.95801,1.95842,1.00,1.19
2014.06.11 08:13:29.906,1.95802,1.95842,1.00,1.19
2014.06.11 08:13:30.464,1.95801,1.95843,1.00,1.29
2014.06.11 08:13:30.844,1.95797,1.95838,1.00,1.19
2014.06.11 08:13:31.555,1.95797,1.95838,1.00,1.19
2014.06.11 08:13:33.522,1.95797,1.95838,1.00,1.19
2014.06.11 08:13:34.331,1.95797,1.95833,1.00,1.19
2014.06.11 08:13:34.432,1.95782,1.95827,1.69,1.00
2014.06.11 08:13:34.483,1.95782,1.95827,1.69,1.08
2014.06.11 08:13:35.328,1.95782,1.95827,1.69,1.34
2014.06.11 08:13:37.328,1.95782,1.95827,1.69,1.19
2014.06.11 08:13:38.933,1.95782,1.95827,1.69,1.19
2014.06.11 08:13:39.543,1.95782,1.95824,1.50,1.19
2014.06.11 08:13:39.644,1.95772,1.95811,1.49,1.00
2014.06.11 08:13:40.662,1.95772,1.95811,1.00,1.25
2014.06.11 08:13:40.978,1.95772,1.95809,1.00,1.00
2014.06.11 08:13:41.704,1.95772,1.95812,1.00,1.19
2014.06.11 08:13:42.283,1.95772,1.95812,1.00,1.19
2014.06.11 08:13:42.960,1.95771,1.95812,1.25,1.19
2014.06.11 08:13:43.925,1.95771,1.95809,1.25,1.00
2014.06.11 08:13:44.452,1.95771,1.95812,1.00,1.19
2014.06.11 08:13:44.549,1.95771,1.95812,1.00,1.27
2014.06.11 08:13:44.599,1.95765,1.95809,1.19,1.34
2014.06.11 08:13:44.700,1.95765,1.95809,1.00,1.69
2014.06.11 08:13:44.902,1.95762,1.95805,1.25,1.19
2014.06.11 08:13:45.578,1.95761,1.95802,1.19,1.00
2014.06.11 08:13:45.688,1.95761,1.95805,1.00,1.69
2014.06.11 08:13:46.712,1.95761,1.95803,1.00,1.19
2014.06.11 08:13:47.227,1.95762,1.95801,1.00,1.19
2014.06.11 08:13:47.748,1.95761,1.958,1.00,1.19
2014.06.11 08:13:48.254,1.95761,1.95802,1.00,1.69
2014.06.11 08:13:48.850,1.95756,1.95799,1.00,1.19
2014.06.11 08:13:49.015,1.95756,1.95799,1.00,1.34
2014.06.11 08:13:49.391,1.95746,1.95792,1.25,1.19
2014.06.11 08:13:49.643,1.95759,1.95792,1.00,1.34
2014.06.11 08:13:50.267,1.95752,1.95792,1.00,1.19
2014.06.11 08:13:50.485,1.95752,1.95793,1.00,1.29
2014.06.11 08:13:51.365,1.95752,1.95785,1.00,1.00
2014.06.11 08:13:51.415,1.95742,1.95785,1.34,1.00
2014.06.11 08:13:51.623,1.95742,1.95785,1.19,1.00
2014.06.11 08:13:52.127,1.95738,1.95784,1.19,1.00
2014.06.11 08:13:53.081,1.95736,1.95784,1.34,1.25
2014.06.11 08:13:53.282,1.95732,1.95784,1.20,1.19
2014.06.11 08:13:53.390,1.95725,1.95769,1.75,1.34
2014.06.11 08:13:53.491,1.95721,1.95754,1.60,1.00
2014.06.11 08:13:53.542,1.95721,1.95754,1.60,1.00
2014.06.11 08:13:53.644,1.95722,1.95754,1.00,1.00
2014.06.11 08:13:53.694,1.95737,1.95768,1.00,1.69
2014.06.11 08:13:53.896,1.95737,1.95768,1.00,1.00
2014.06.11 08:13:54.024,1.95725,1.95768,1.27,1.00
2014.06.11 08:13:54.161,1.95732,1.95777,1.00,1.32
2014.06.11 08:13:54.212,1.95732,1.95777,1.00,1.19
2014.06.11 08:13:54.449,1.95731,1.95766,1.00,1.00
2014.06.11 08:13:54.790,1.95732,1.95758,1.00,1.00
2014.06.11 08:13:55.121,1.95742,1.95758,1.00,1.00
2014.06.11 08:13:56.881,1.95731,1.95754,1.00,1.00
2014.06.11 08:13:57.152,1.95742,1.95754,1.00,1.00
2014.06.11 08:13:57.484,1.95742,1.95752,1.00,1.00
2014.06.11 08:13:57.871,1.95732,1.95747,1.00,1.00
2014.06.11 08:13:58.224,1.95732,1.95752,1.00,1.00
2014.06.11 08:13:59.171,1.95732,1.95751,1.00,1.00
2014.06.11 08:14:02.261,1.95732,1.95753,1.00,1.00
2014.06.11 08:14:02.413,1.95721,1.95753,1.19,1.00
2014.06.11 08:14:02.676,1.95727,1.95753,1.19,1.00
2014.06.11 08:14:02.726,1.95727,1.95764,1.19,1.00
2014.06.11 08:14:02.979,1.95741,1.95764,1.00,1.00
2014.06.11 08:14:03.131,1.95741,1.95767,1.00,1.00
2014.06.11 08:14:03.712,1.95741,1.95769,1.00,1.00
2014.06.11 08:14:03.930,1.95741,1.95772,1.25,1.00
2014.06.11 08:14:04.605,1.95742,1.95772,1.00,1.00
2014.06.11 08:14:04.706,1.95742,1.95769,1.00,1.00
2014.06.11 08:14:05.271,1.95742,1.95768,1.00,1.00
2014.06.11 08:14:06.038,1.95741,1.95768,1.00,1.00
2014.06.11 08:14:06.617,1.95758,1.95768,1.00,1.00
2014.06.11 08:14:06.668,1.95761,1.95787,1.00,1.00
2014.06.11 08:14:06.719,1.95761,1.95794,1.00,1.19
2014.06.11 08:14:07.124,1.95761,1.95802,1.00,1.34
2014.06.11 08:14:07.175,1.95761,1.95802,1.19,1.15
2014.06.11 08:14:07.427,1.95761,1.95798,1.19,1.00
2014.06.11 08:14:07.730,1.95762,1.9579,1.00,1.00
2014.06.11 08:14:08.044,1.95762,1.9579,1.00,1.20
2014.06.11 08:14:10.673,1.95751,1.95784,1.00,1.08
2014.06.11 08:14:11.211,1.95752,1.95784,1.00,1.08
2014.06.11 08:14:11.729,1.95752,1.95784,1.00,1.00
2014.06.11 08:14:13.113,1.95761,1.95784,1.00,1.00
2014.06.11 08:14:13.164,1.95761,1.95794,1.00,1.19
2014.06.11 08:14:13.265,1.95761,1.95794,1.00,1.00
2014.06.11 08:14:13.366,1.95762,1.9579,1.00,1.00
2014.06.11 08:14:15.154,1.95762,1.95791,1.00,1.00
2014.06.11 08:14:15.703,1.95761,1.958,1.00,1.19
2014.06.11 08:14:16.637,1.95761,1.958,1.19,1.00
2014.06.11 08:14:17.155,1.95761,1.95803,1.19,1.19
2014.06.11 08:14:17.900,1.95762,1.95795,1.25,1.00
2014.06.11 08:14:19.597,1.95772,1.95795,1.00,1.00
2014.06.11 08:14:20.587,1.95762,1.95795,1.00,1.00
2014.06.11 08:14:20.638,1.95762,1.95793,1.00,1.00
2014.06.11 08:14:20.961,1.95762,1.9579,1.00,1.00
2014.06.11 08:14:21.065,1.95761,1.95792,1.00,1.00
2014.06.11 08:14:22.565,1.95762,1.95792,1.00,1.00
2014.06.11 08:14:22.865,1.95771,1.95792,1.00,1.00
2014.06.11 08:14:23.506,1.95772,1.95792,1.00,1.00
2014.06.11 08:14:24.799,1.95772,1.95804,1.00,1.00
2014.06.11 08:14:25.359,1.95772,1.95818,1.00,1.29
2014.06.11 08:14:25.460,1.95772,1.95818,1.00,1.00
2014.06.11 08:14:25.561,1.95772,1.95818,1.08,1.00
2014.06.11 08:14:25.662,1.95782,1.95825,1.00,1.25
2014.06.11 08:14:25.918,1.95791,1.95835,1.00,1.47
2014.06.11 08:14:26.170,1.95784,1.95835,1.00,1.84
2014.06.11 08:14:26.642,1.95784,1.95835,1.25,1.34
2014.06.11 08:14:26.789,1.95792,1.95835,1.00,1.34
2014.06.11 08:14:27.118,1.95792,1.95847,1.00,1.94
2014.06.11 08:14:27.168,1.95793,1.95849,1.19,1.24
2014.06.11 08:14:27.219,1.95793,1.9585,1.19,1.94
2014.06.11 08:14:27.270,1.95792,1.95854,1.77,1.79
2014.06.11 08:14:27.573,1.95802,1.95855,1.00,1.27
2014.06.11 08:14:28.362,1.95812,1.95856,1.00,1.84
2014.06.11 08:14:28.925,1.95811,1.95856,1.00,1.84
2014.06.11 08:14:29.143,1.95807,1.95856,1.00,1.84
2014.06.11 08:14:29.413,1.95803,1.95852,1.19,1.27
2014.06.11 08:14:29.463,1.95802,1.9585,1.19,1.34
2014.06.11 08:14:29.909,1.95802,1.95853,1.19,1.19
2014.06.11 08:14:30.476,1.95801,1.95848,1.19,1.00
2014.06.11 08:14:31.079,1.95811,1.95848,1.00,1.00
2014.06.11 08:14:31.391,1.95802,1.95834,1.19,1.09
2014.06.11 08:14:31.441,1.95791,1.95821,1.00,1.08
2014.06.11 08:14:31.643,1.95782,1.95824,1.25,1.79
2014.06.11 08:14:31.744,1.95782,1.95824,1.25,1.15
2014.06.11 08:14:31.845,1.9579,1.95828,1.00,1.48
2014.06.11 08:14:31.946,1.95792,1.95838,1.00,2.44
2014.06.11 08:14:32.610,1.95794,1.95838,1.00,1.94
2014.06.11 08:14:32.712,1.95794,1.95842,1.00,1.34
2014.06.11 08:14:33.209,1.95794,1.95844,1.00,1.34
2014.06.11 08:14:33.634,1.95792,1.95844,1.00,1.34
2014.06.11 08:14:34.178,1.95791,1.95844,1.00,1.34
2014.06.11 08:14:34.426,1.95791,1.95845,1.19,1.34
2014.06.11 08:14:34.820,1.95812,1.95845,1.00,1.34
2014.06.11 08:14:35.319,1.95812,1.95846,1.00,3.23
2014.06.11 08:14:35.369,1.95792,1.9582,1.00,1.00
2014.06.11 08:14:35.470,1.95792,1.95815,1.00,1.00
2014.06.11 08:14:35.622,1.95781,1.95816,1.25,1.00
2014.06.11 08:14:35.723,1.95781,1.95832,1.25,1.05
2014.06.11 08:14:36.177,1.95792,1.95833,1.00,1.34
2014.06.11 08:14:36.479,1.95801,1.95833,1.00,1.19
2014.06.11 08:14:36.757,1.95801,1.95838,1.00,1.29
2014.06.11 08:14:36.816,1.95791,1.95838,1.00,1.29
2014.06.11 08:14:37.397,1.95792,1.95838,1.00,1.29
2014.06.11 08:14:37.776,1.95792,1.95838,1.00,1.29
2014.06.11 08:14:38.272,1.95802,1.95842,1.00,1.34
2014.06.11 08:14:38.766,1.95802,1.95845,1.00,2.14
2014.06.11 08:14:39.375,1.95801,1.9584,1.00,1.37
2014.06.11 08:14:40.754,1.95801,1.9584,1.00,1.37
2014.06.11 08:14:41.355,1.95802,1.95842,1.00,1.34
2014.06.11 08:14:41.758,1.95802,1.95842,1.00,1.34
2014.06.11 08:14:42.060,1.95812,1.95843,1.00,1.34
2014.06.11 08:14:42.111,1.95812,1.95847,1.00,1.69
2014.06.11 08:14:42.675,1.95821,1.95849,1.00,3.19
2014.06.11 08:14:42.939,1.95821,1.95849,1.00,2.14
2014.06.11 08:14:43.192,1.95821,1.95853,1.00,1.37
2014.06.11 08:14:43.394,1.95821,1.9586,1.00,2.44
2014.06.11 08:14:44.375,1.95821,1.95858,1.00,1.34
2014.06.11 08:14:44.874,1.95822,1.95858,1.00,1.64
2014.06.11 08:14:45.470,1.95811,1.95854,1.00,1.69
2014.06.11 08:14:46.056,1.95811,1.95844,1.00,1.00
2014.06.11 08:14:46.106,1.95802,1.95843,1.00,1.19
2014.06.11 08:14:46.207,1.95802,1.95843,1.00,1.64
2014.06.11 08:14:46.359,1.95791,1.9584,1.19,1.34
2014.06.11 08:14:46.409,1.95791,1.9584,1.19,1.64
2014.06.11 08:14:46.780,1.95791,1.95832,1.19,1.75
2014.06.11 08:14:46.920,1.95792,1.95832,1.00,1.94
2014.06.11 08:14:47.122,1.95784,1.95832,1.19,1.94
2014.06.11 08:14:47.173,1.95781,1.95831,1.19,3.19
2014.06.11 08:14:47.223,1.95781,1.95828,1.00,1.69
2014.06.11 08:14:48.079,1.95782,1.95828,1.00,1.94
2014.06.11 08:14:48.617,1.95783,1.95823,1.00,1.94
2014.06.11 08:14:48.668,1.95791,1.95823,1.00,1.94
2014.06.11 08:14:48.783,1.95791,1.95823,1.00,1.64
2014.06.11 08:14:49.440,1.95783,1.95823,1.00,1.37
2014.06.11 08:14:49.839,1.95792,1.95823,1.00,1.37
2014.06.11 08:14:51.425,1.95792,1.95822,1.00,1.27
2014.06.11 08:14:52.390,1.95791,1.95822,1.00,1.27
2014.06.11 08:14:52.919,1.95791,1.9582,1.00,1.29
2014.06.11 08:14:53.142,1.95781,1.9582,1.00,1.29
2014.06.11 08:14:53.394,1.95791,1.9582,1.00,1.29
2014.06.11 08:14:53.581,1.95782,1.9582,1.00,1.29
2014.06.11 08:14:53.631,1.95784,1.9582,1.00,1.29
2014.06.11 08:14:54.204,1.95781,1.9582,1.00,1.29
2014.06.11 08:14:54.461,1.95791,1.95821,1.00,1.27
2014.06.11 08:14:54.991,1.95792,1.95821,1.00,1.27
2014.06.11 08:14:55.290,1.95792,1.95823,1.00,1.37
2014.06.11 08:14:55.825,1.95791,1.95823,1.00,1.19
2014.06.11 08:14:56.321,1.95791,1.95825,1.00,1.19
2014.06.11 08:14:57.365,1.95791,1.95824,1.00,1.19
2014.06.11 08:14:58.860,1.95792,1.95824,1.00,1.19
2014.06.11 08:15:00.667,1.95792,1.95823,1.00,1.19
2014.06.11 08:15:01.059,1.95782,1.95823,1.00,1.19
2014.06.11 08:15:01.317,1.95791,1.95823,1.00,1.34
2014.06.11 08:15:01.746,1.95792,1.95825,1.00,1.19
2014.06.11 08:15:01.848,1.95801,1.95825,1.00,1.19
2014.06.11 08:15:02.050,1.95791,1.95825,1.00,1.19
2014.06.11 08:15:02.351,1.95791,1.9582,1.00,1.19
2014.06.11 08:15:02.402,1.95781,1.9582,1.00,1.19
2014.06.11 08:15:03.040,1.95782,1.95816,1.00,1.19
2014.06.11 08:15:03.215,1.95782,1.95813,1.00,1.00
2014.06.11 08:15:03.547,1.95782,1.95804,1.00,1.00
2014.06.11 08:15:06.348,1.95772,1.95804,1.00,1.25
2014.06.11 08:15:06.399,1.95772,1.95793,1.00,1.00
2014.06.11 08:15:06.600,1.95772,1.95805,1.00,1.37
2014.06.11 08:15:06.971,1.95771,1.95798,1.00,1.00
2014.06.11 08:15:07.290,1.95762,1.95798,1.00,1.00
2014.06.11 08:15:08.031,1.95761,1.95795,1.19,1.00
2014.06.11 08:15:08.381,1.95761,1.95791,1.00,1.00
2014.06.11 08:15:08.735,1.95762,1.95789,1.00,1.00
2014.06.11 08:15:09.049,1.95752,1.95789,1.19,1.00
2014.06.11 08:15:09.267,1.95752,1.95789,1.00,1.25
2014.06.11 08:15:09.380,1.95751,1.95786,1.00,1.00
2014.06.11 08:15:09.697,1.95751,1.95786,1.00,1.19
2014.06.11 08:15:10.469,1.95751,1.95785,1.00,1.19
2014.06.11 08:15:11.167,1.95752,1.95785,1.00,1.19
2014.06.11 08:15:11.677,1.95751,1.95786,1.00,1.69
2014.06.11 08:15:12.200,1.95752,1.95786,1.00,1.19
2014.06.11 08:15:12.847,1.95751,1.95786,1.00,1.19
2014.06.11 08:15:13.562,1.95752,1.95784,1.00,1.19
2014.06.11 08:15:14.329,1.95751,1.95784,1.00,1.19
2014.06.11 08:15:14.679,1.95752,1.95784,1.00,1.69
2014.06.11 08:15:16.909,1.95761,1.95784,1.00,1.19
2014.06.11 08:15:17.319,1.95751,1.95784,1.00,1.19
2014.06.11 08:15:17.849,1.95751,1.95788,1.00,1.19
2014.06.11 08:15:18.460,1.95752,1.95788,1.00,1.19
2014.06.11 08:15:19.093,1.95752,1.95792,1.00,1.37
2014.06.11 08:15:19.397,1.95752,1.95789,1.00,1.19
2014.06.11 08:15:19.701,1.95732,1.95754,1.00,1.00
2014.06.11 08:15:20.002,1.95721,1.95754,1.00,1.75
2014.06.11 08:15:20.052,1.95722,1.95754,1.00,1.45
2014.06.11 08:15:20.153,1.95722,1.9575,1.00,1.00
2014.06.11 08:15:20.204,1.95711,1.9575,1.00,1.00
2014.06.11 08:15:20.922,1.95711,1.9575,1.00,1.69
2014.06.11 08:15:21.835,1.95721,1.9575,1.00,1.69
2014.06.11 08:15:22.390,1.95702,1.95738,1.25,1.00
2014.06.11 08:15:23.350,1.95708,1.95747,1.00,1.37
2014.06.11 08:15:23.605,1.95708,1.95747,1.00,1.37
2014.06.11 08:15:23.656,1.95708,1.95744,1.00,1.19
2014.06.11 08:15:23.958,1.95702,1.95734,1.00,1.00
2014.06.11 08:15:24.059,1.95702,1.95746,1.50,1.64
2014.06.11 08:15:24.164,1.95711,1.95746,1.00,1.67
2014.06.11 08:15:24.366,1.95695,1.95741,1.00,1.27
2014.06.11 08:15:24.669,1.95703,1.95741,1.00,1.57
2014.06.11 08:15:24.921,1.95694,1.95741,1.00,1.27
2014.06.11 08:15:25.344,1.95711,1.9574,1.00,1.02
2014.06.11 08:15:25.647,1.95703,1.95739,1.00,1.19
2014.06.11 08:15:25.698,1.95701,1.95739,1.00,1.19
2014.06.11 08:15:26.355,1.95701,1.95736,1.00,1.02
2014.06.11 08:15:26.657,1.95701,1.95733,1.00,1.94
2014.06.11 08:15:26.970,1.95701,1.95729,1.00,1.94
2014.06.11 08:15:27.072,1.95692,1.95729,1.00,1.94
2014.06.11 08:15:27.173,1.95692,1.95732,1.00,1.94
2014.06.11 08:15:27.347,1.95692,1.95724,1.00,1.34
2014.06.11 08:15:27.400,1.95684,1.95718,1.00,1.18
2014.06.11 08:15:27.451,1.95672,1.95708,1.00,1.15
2014.06.11 08:15:27.776,1.95682,1.95712,1.00,1.50
2014.06.11 08:15:27.877,1.95671,1.95711,1.00,1.64
2014.06.11 08:15:28.230,1.95671,1.95711,1.00,1.27
2014.06.11 08:15:28.280,1.95671,1.95706,1.00,1.19
2014.06.11 08:15:28.583,1.95669,1.9568,1.00,1.00
2014.06.11 08:15:28.634,1.95661,1.9568,1.00,1.00
2014.06.11 08:15:28.735,1.95662,1.95684,1.00,1.00
2014.06.11 08:15:28.887,1.95661,1.95687,1.00,1.00
2014.06.11 08:15:29.404,1.95662,1.95687,1.00,1.38
2014.06.11 08:15:29.724,1.95661,1.95679,1.00,1.00
2014.06.11 08:15:29.825,1.95651,1.95679,1.00,1.00
2014.06.11 08:15:29.979,1.95651,1.95675,1.00,1.25
2014.06.11 08:15:30.282,1.95662,1.95675,1.00,1.00
2014.06.11 08:15:30.383,1.95662,1.95678,1.00,1.00
2014.06.11 08:15:30.534,1.95662,1.9568,1.00,1.00
2014.06.11 08:15:31.412,1.95662,1.95687,1.00,1.19
2014.06.11 08:15:32.009,1.95661,1.95687,1.00,1.19
2014.06.11 08:15:32.174,1.95661,1.95687,1.00,1.00
2014.06.11 08:15:32.686,1.95661,1.95693,1.00,1.19
2014.06.11 08:15:33.221,1.95662,1.95695,1.00,1.69
2014.06.11 08:15:33.425,1.95662,1.95691,1.00,1.00
2014.06.11 08:15:33.577,1.95671,1.95691,1.00,1.00
2014.06.11 08:15:34.112,1.95661,1.95691,1.00,1.00
2014.06.11 08:15:34.859,1.95671,1.95691,1.00,1.00
2014.06.11 08:15:34.910,1.95671,1.95701,1.00,1.57
2014.06.11 08:15:35.103,1.95661,1.95701,1.00,1.57
2014.06.11 08:15:35.290,1.95661,1.95704,1.00,1.74
2014.06.11 08:15:35.341,1.95682,1.95704,1.00,1.74
2014.06.11 08:15:35.492,1.95682,1.95718,1.00,1.19
2014.06.11 08:15:35.543,1.95682,1.95718,1.00,3.15
2014.06.11 08:15:35.644,1.95666,1.95707,1.08,1.32
2014.06.11 08:15:35.695,1.95652,1.95685,1.15,1.00
2014.06.11 08:15:35.796,1.95652,1.95685,1.00,1.00
2014.06.11 08:15:35.897,1.95632,1.9568,1.34,1.00
2014.06.11 08:15:36.048,1.95631,1.9568,1.50,1.10
2014.06.11 08:15:36.149,1.95631,1.9568,1.50,1.18
2014.06.11 08:15:36.655,1.95642,1.9568,1.00,1.18
2014.06.11 08:15:36.991,1.95641,1.95672,1.00,1.29
2014.06.11 08:15:37.829,1.95642,1.95672,1.00,1.29
2014.06.11 08:15:38.081,1.95632,1.95672,1.00,1.19
2014.06.11 08:15:38.190,1.95631,1.95678,1.00,1.27
2014.06.11 08:15:38.711,1.95632,1.95678,1.00,1.39
2014.06.11 08:15:38.862,1.9563,1.95678,1.00,1.77
2014.06.11 08:15:38.976,1.95636,1.95678,1.00,1.77
2014.06.11 08:15:39.323,1.95631,1.95666,1.19,1.00
2014.06.11 08:15:39.638,1.95642,1.95658,1.00,1.00
2014.06.11 08:15:39.840,1.95641,1.95669,1.00,1.00
2014.06.11 08:15:41.741,1.95641,1.95667,1.00,1.00
2014.06.11 08:15:42.044,1.95641,1.95658,1.00,1.00
2014.06.11 08:15:42.347,1.95631,1.95657,1.00,1.00
2014.06.11 08:15:42.558,1.95641,1.95657,1.00,1.00
2014.06.11 08:15:42.609,1.95641,1.95665,1.00,1.19
2014.06.11 08:15:42.827,1.95631,1.95665,1.00,1.19
2014.06.11 08:15:42.928,1.95631,1.95658,1.00,1.00
2014.06.11 08:15:43.302,1.95631,1.95656,1.00,1.00
2014.06.11 08:15:43.651,1.95641,1.95656,1.00,1.00
2014.06.11 08:15:44.205,1.95642,1.95656,1.00,1.00
2014.06.11 08:15:45.555,1.95641,1.95656,1.00,1.00
2014.06.11 08:15:45.715,1.95641,1.95672,1.00,1.19
2014.06.11 08:15:45.867,1.95635,1.95672,1.00,1.19
2014.06.11 08:15:45.967,1.95621,1.95672,1.37,1.54
2014.06.11 08:15:46.119,1.95634,1.95672,1.00,1.69
2014.06.11 08:15:46.220,1.95631,1.95674,1.00,1.17
2014.06.11 08:15:46.271,1.95631,1.95676,1.00,1.37
2014.06.11 08:15:46.322,1.95641,1.95676,1.00,1.27
2014.06.11 08:15:46.823,1.95642,1.95678,1.00,1.34
2014.06.11 08:15:47.332,1.95642,1.95677,1.00,1.19
2014.06.11 08:15:47.844,1.95631,1.95669,1.00,1.69
2014.06.11 08:15:48.058,1.95622,1.95669,1.33,1.19
2014.06.11 08:15:48.131,1.95622,1.95669,1.02,1.19
2014.06.11 08:15:49.147,1.95622,1.95671,1.29,1.19
2014.06.11 08:15:49.393,1.95641,1.95671,1.00,1.19
2014.06.11 08:15:49.494,1.95632,1.95671,1.00,1.19
2014.06.11 08:15:50.154,1.95632,1.95673,1.00,1.69
2014.06.11 08:15:50.662,1.95621,1.95671,1.29,1.19
2014.06.11 08:15:50.903,1.95625,1.95664,1.00,1.19
2014.06.11 08:15:52.057,1.95625,1.95668,1.00,1.27
2014.06.11 08:15:52.108,1.95641,1.95669,1.00,1.27
2014.06.11 08:15:52.361,1.95641,1.95675,1.00,1.19
2014.06.11 08:15:52.664,1.95642,1.95681,1.00,2.59
2014.06.11 08:15:53.204,1.95641,1.95681,1.00,1.34
2014.06.11 08:15:53.723,1.95642,1.95677,1.00,1.37
2014.06.11 08:15:54.231,1.95641,1.95681,1.00,1.34
2014.06.11 08:15:54.688,1.95641,1.95682,1.00,1.39
2014.06.11 08:15:55.895,1.95641,1.95682,1.00,1.39
2014.06.11 08:15:56.050,1.95638,1.95679,1.00,1.19
2014.06.11 08:15:56.153,1.95631,1.95676,1.25,1.09
2014.06.11 08:15:56.254,1.95631,1.95676,1.25,1.39
2014.06.11 08:15:56.579,1.95642,1.95676,1.00,1.25
2014.06.11 08:15:57.195,1.95642,1.95682,1.00,1.29
2014.06.11 08:15:57.704,1.95642,1.95687,1.50,1.64
2014.06.11 08:15:57.906,1.95652,1.95691,1.00,1.37
2014.06.11 08:15:58.778,1.95651,1.95691,1.00,1.19
2014.06.11 08:15:59.088,1.95651,1.95693,1.00,1.19
2014.06.11 08:16:00.339,1.95661,1.95693,1.00,1.19
2014.06.11 08:16:00.541,1.95654,1.95693,1.00,1.19
2014.06.11 08:16:00.742,1.95651,1.95693,1.00,1.69
2014.06.11 08:16:01.098,1.95651,1.95693,1.00,1.19
2014.06.11 08:16:04.310,1.95652,1.95693,1.00,1.19
2014.06.11 08:16:04.411,1.95654,1.95695,1.00,1.19
2014.06.11 08:16:04.713,1.95662,1.95698,1.00,1.19
2014.06.11 08:16:04.965,1.95671,1.95709,1.00,1.49
2014.06.11 08:16:05.488,1.95672,1.95714,1.00,1.49
2014.06.11 08:16:06.098,1.95672,1.95716,1.00,1.67
2014.06.11 08:16:06.149,1.95677,1.95718,1.00,1.27
2014.06.11 08:16:07.204,1.95677,1.95719,1.00,1.69
2014.06.11 08:16:08.253,1.95677,1.95719,1.00,1.19
2014.06.11 08:16:08.568,1.95681,1.9572,1.00,1.29
2014.06.11 08:16:09.212,1.95681,1.95719,1.00,1.19
2014.06.11 08:16:10.117,1.95677,1.95718,1.00,1.19
2014.06.11 08:16:10.308,1.95674,1.95718,1.00,1.19
2014.06.11 08:16:10.359,1.95682,1.95719,1.00,1.19
2014.06.11 08:16:10.831,1.95682,1.95723,1.00,1.08
2014.06.11 08:16:10.882,1.95686,1.95723,1.00,1.00
2014.06.11 08:16:10.984,1.95681,1.95732,1.50,1.84
2014.06.11 08:16:11.688,1.95682,1.95732,1.00,1.34
2014.06.11 08:16:12.233,1.95682,1.95729,1.00,1.37
2014.06.11 08:16:12.542,1.95691,1.95729,1.00,1.37
2014.06.11 08:16:14.620,1.95692,1.9573,1.00,1.34
2014.06.11 08:16:15.239,1.95692,1.95728,1.00,1.27
2014.06.11 08:16:15.540,1.95701,1.95728,1.00,1.27
2014.06.11 08:16:15.641,1.95701,1.95736,1.00,1.19
2014.06.11 08:16:15.742,1.95704,1.95739,1.00,1.69
2014.06.11 08:16:15.944,1.95701,1.95739,1.00,1.19
2014.06.11 08:16:16.146,1.95692,1.95739,1.00,1.19
2014.06.11 08:16:16.646,1.95691,1.95739,1.00,1.69
2014.06.11 08:16:17.250,1.95691,1.95739,1.00,1.19
2014.06.11 08:16:18.371,1.95713,1.95741,1.00,1.29
2014.06.11 08:16:18.574,1.95703,1.95746,1.00,1.19
2014.06.11 08:16:18.876,1.95702,1.95746,1.00,1.19
2014.06.11 08:16:19.222,1.95709,1.95746,1.00,1.19
2014.06.11 08:16:19.865,1.95709,1.95742,1.00,1.19
2014.06.11 08:16:21.573,1.95709,1.9574,1.00,1.19
2014.06.11 08:16:22.071,1.95712,1.9574,1.00,1.19
2014.06.11 08:16:22.288,1.95719,1.95749,1.00,1.27
2014.06.11 08:16:22.390,1.95719,1.95755,1.00,2.89
2014.06.11 08:16:22.491,1.95722,1.95759,1.00,1.34
2014.06.11 08:16:22.592,1.95715,1.95759,1.00,1.19
2014.06.11 08:16:22.642,1.95721,1.9576,1.00,1.19
2014.06.11 08:16:23.642,1.95715,1.95758,1.00,1.19
2014.06.11 08:16:23.878,1.95719,1.95759,1.00,1.19
2014.06.11 08:16:23.979,1.95713,1.95758,1.00,1.19
2014.06.11 08:16:24.030,1.95713,1.95758,1.19,1.19
2014.06.11 08:16:25.091,1.95713,1.95758,1.00,1.84
2014.06.11 08:16:25.378,1.95711,1.95757,1.50,1.34
2014.06.11 08:16:26.072,1.95712,1.95755,1.00,1.29
2014.06.11 08:16:26.122,1.95712,1.95755,1.00,1.29
2014.06.11 08:16:26.798,1.9571,1.95748,1.00,1.00
2014.06.11 08:16:27.147,1.95711,1.95754,1.00,1.19
2014.06.11 08:16:27.682,1.95712,1.95754,1.00,1.19
2014.06.11 08:16:27.789,1.95722,1.95755,1.00,1.29
2014.06.11 08:16:30.761,1.95721,1.95757,1.00,1.19
2014.06.11 08:16:30.981,1.95713,1.95757,1.00,1.19
2014.06.11 08:16:32.090,1.95721,1.95757,1.00,1.19
2014.06.11 08:16:33.672,1.95724,1.95757,1.00,1.19
2014.06.11 08:16:33.776,1.95722,1.95757,1.00,1.19
2014.06.11 08:16:34.630,1.95721,1.95757,1.00,1.19
2014.06.11 08:16:34.763,1.95721,1.95759,1.00,1.19
2014.06.11 08:16:35.741,1.95721,1.95758,1.00,1.19
2014.06.11 08:16:36.940,1.95722,1.95758,1.00,1.19
2014.06.11 08:16:37.048,1.95713,1.95758,1.00,1.19
2014.06.11 08:16:37.149,1.95719,1.95759,1.00,1.69
2014.06.11 08:16:37.601,1.95712,1.95757,1.00,1.19
2014.06.11 08:16:38.122,1.95713,1.95758,1.00,1.69
2014.06.11 08:16:38.273,1.95712,1.95757,1.55,1.19
2014.06.11 08:16:38.576,1.95726,1.95758,1.00,1.69
2014.06.11 08:16:38.778,1.95726,1.95764,1.00,1.19
2014.06.11 08:16:40.144,1.95726,1.95766,1.00,1.19
2014.06.11 08:16:41.149,1.95726,1.95765,1.00,1.19
2014.06.11 08:16:41.450,1.95722,1.95761,1.00,1.19
2014.06.11 08:16:42.603,1.95722,1.95761,1.00,1.69
2014.06.11 08:16:43.761,1.95722,1.9576,1.00,1.19
2014.06.11 08:16:44.867,1.95722,1.9576,1.00,1.19
2014.06.11 08:16:46.123,1.95722,1.95758,1.00,1.19
2014.06.11 08:16:46.790,1.95721,1.95758,1.00,1.19
2014.06.11 08:16:47.282,1.95721,1.95761,1.00,1.19
2014.06.11 08:16:49.814,1.95721,1.95761,1.00,1.19
2014.06.11 08:16:50.640,1.95722,1.95761,1.00,1.19
2014.06.11 08:16:51.903,1.95722,1.95761,1.00,1.69
2014.06.11 08:16:52.451,1.95721,1.95761,1.00,1.69
2014.06.11 08:16:52.892,1.95721,1.95759,1.00,1.19
2014.06.11 08:16:53.112,1.95722,1.95761,1.00,1.19
2014.06.11 08:16:53.163,1.95732,1.95765,1.00,1.19
2014.06.11 08:16:53.264,1.95722,1.95765,1.00,1.69
2014.06.11 08:16:53.416,1.95725,1.95765,1.00,1.19
2014.06.11 08:16:53.750,1.95731,1.9577,1.50,1.19
2014.06.11 08:16:54.653,1.95731,1.95762,1.00,1.19
2014.06.11 08:16:54.856,1.95721,1.95762,1.00,1.19
2014.06.11 08:16:55.712,1.95721,1.95763,1.00,1.19
2014.06.11 08:16:56.027,1.95732,1.95763,1.00,1.19
2014.06.11 08:16:56.138,1.95734,1.95771,1.00,1.34
2014.06.11 08:16:56.340,1.95732,1.95771,1.00,1.37
2014.06.11 08:16:56.592,1.95723,1.95769,1.25,1.19
2014.06.11 08:16:57.116,1.95722,1.95764,1.19,1.09
2014.06.11 08:16:57.166,1.95722,1.95764,1.00,1.84
2014.06.11 08:16:58.157,1.95722,1.95762,1.00,1.19
2014.06.11 08:16:59.754,1.95737,1.95762,1.00,1.19
2014.06.11 08:16:59.906,1.95721,1.95762,1.00,1.19
2014.06.11 08:17:00.410,1.9572,1.95759,1.00,1.19
2014.06.11 08:17:01.339,1.9572,1.95759,1.00,1.69
2014.06.11 08:17:05.027,1.95722,1.95759,1.00,1.19
2014.06.11 08:17:05.357,1.9572,1.95759,1.00,1.19
2014.06.11 08:17:08.657,1.95721,1.95759,1.00,1.19
2014.06.11 08:17:09.060,1.9572,1.95759,1.00,1.19
2014.06.11 08:17:09.110,1.95726,1.95765,1.00,1.27
2014.06.11 08:17:10.131,1.95724,1.95765,1.00,1.27
2014.06.11 08:17:10.530,1.95726,1.95765,1.00,1.27
2014.06.11 08:17:10.640,1.95724,1.95765,1.00,1.27
2014.06.11 08:17:10.747,1.95722,1.95765,1.00,1.27
2014.06.11 08:17:10.857,1.95724,1.95765,1.00,1.27
2014.06.11 08:17:11.168,1.95724,1.95762,1.00,1.19
2014.06.11 08:17:12.292,1.95724,1.95763,1.00,1.19
2014.06.11 08:17:13.195,1.95724,1.95765,1.00,1.27
2014.06.11 08:17:13.420,1.95722,1.95765,1.00,1.27
2014.06.11 08:17:14.598,1.95722,1.95761,1.00,1.19
2014.06.11 08:17:15.147,1.95721,1.95761,1.50,1.19
2014.06.11 08:17:15.943,1.95722,1.9576,1.00,1.19
2014.06.11 08:17:17.240,1.95721,1.9576,1.50,1.19
2014.06.11 08:17:17.388,1.95719,1.95759,1.00,1.19
2014.06.11 08:17:17.591,1.95721,1.9576,1.00,1.19
2014.06.11 08:17:18.117,1.95724,1.9576,1.00,1.19
2014.06.11 08:17:18.303,1.95724,1.95763,1.00,1.19
2014.06.11 08:17:18.776,1.95731,1.95763,1.00,1.19
2014.06.11 08:17:18.907,1.95735,1.95769,1.00,1.27
2014.06.11 08:17:19.010,1.95731,1.95769,1.00,1.19
2014.06.11 08:17:19.111,1.95731,1.95774,1.00,1.69
2014.06.11 08:17:19.162,1.95728,1.95769,1.25,1.19
2014.06.11 08:17:19.365,1.95732,1.95774,1.00,1.69
2014.06.11 08:17:20.325,1.95732,1.9577,1.00,1.19
2014.06.11 08:17:20.627,1.95721,1.95762,1.00,1.84
2014.06.11 08:17:21.812,1.95721,1.95762,1.00,1.34
2014.06.11 08:17:25.165,1.95722,1.95764,1.00,1.69
2014.06.11 08:17:25.666,1.95722,1.95763,1.00,1.34
2014.06.11 08:17:26.182,1.95721,1.95762,1.00,1.34
2014.06.11 08:17:26.779,1.95722,1.95762,1.00,1.84
2014.06.11 08:17:27.917,1.95721,1.9576,1.00,1.27
2014.06.11 08:17:28.565,1.95732,1.9576,1.00,1.19
2014.06.11 08:17:28.749,1.95732,1.95761,1.00,1.19
2014.06.11 08:17:29.306,1.95731,1.95761,1.00,1.19
2014.06.11 08:17:30.893,1.95732,1.95761,1.00,1.19
2014.06.11 08:17:32.865,1.95732,1.95761,1.00,1.19
2014.06.11 08:17:33.401,1.95721,1.95761,1.00,1.19
2014.06.11 08:17:33.452,1.95721,1.95748,1.00,1.00
2014.06.11 08:17:33.772,1.95731,1.9576,1.00,1.19
2014.06.11 08:17:33.961,1.95721,1.9576,1.00,1.19
2014.06.11 08:17:34.062,1.95731,1.9576,1.00,1.19
2014.06.11 08:17:34.806,1.95732,1.9576,1.00,1.19
2014.06.11 08:17:35.083,1.95732,1.95763,1.00,1.00
2014.06.11 08:17:35.408,1.95731,1.95771,1.00,1.19
2014.06.11 08:17:36.072,1.95731,1.95771,1.00,1.19
2014.06.11 08:17:36.829,1.95732,1.95771,1.00,1.19
2014.06.11 08:17:37.666,1.95731,1.95776,1.00,1.19
2014.06.11 08:17:37.933,1.95742,1.95776,1.00,1.19
2014.06.11 08:17:38.358,1.95731,1.95776,1.00,1.19
2014.06.11 08:17:38.559,1.95741,1.95776,1.00,1.19
2014.06.11 08:17:39.287,1.95742,1.95777,1.00,1.19
2014.06.11 08:17:39.958,1.95741,1.95776,1.00,1.19
2014.06.11 08:17:40.700,1.95741,1.95775,1.00,1.19
2014.06.11 08:17:41.858,1.95731,1.95775,1.00,1.77
2014.06.11 08:17:42.750,1.95741,1.95775,1.00,1.77
2014.06.11 08:17:43.098,1.95741,1.95775,1.00,1.29
2014.06.11 08:17:44.852,1.95742,1.95775,1.00,1.29
2014.06.11 08:17:45.568,1.95742,1.95775,1.00,1.29
2014.06.11 08:17:46.215,1.95742,1.95775,1.00,1.19
2014.06.11 08:17:48.361,1.95741,1.95775,1.00,1.19
2014.06.11 08:17:48.681,1.95752,1.95775,1.00,1.00
2014.06.11 08:17:48.935,1.95752,1.95786,1.00,1.19
2014.06.11 08:17:49.097,1.95741,1.95786,1.00,1.19
2014.06.11 08:17:49.771,1.95741,1.95786,1.00,1.19
2014.06.11 08:17:51.027,1.95741,1.95786,1.00,1.19
2014.06.11 08:17:51.829,1.95741,1.95779,1.00,1.19
2014.06.11 08:17:51.899,1.95732,1.95779,1.00,1.19
2014.06.11 08:17:52.421,1.95742,1.95779,1.00,2.14
2014.06.11 08:17:52.623,1.95731,1.95779,1.00,2.14
2014.06.11 08:17:52.941,1.95731,1.95774,1.00,1.34
2014.06.11 08:17:55.343,1.95731,1.95776,1.00,1.34
2014.06.11 08:17:55.646,1.95742,1.95776,1.00,1.19
2014.06.11 08:17:56.749,1.95742,1.95776,1.00,1.19
2014.06.11 08:17:57.258,1.95741,1.95776,1.00,1.19
2014.06.11 08:17:57.869,1.95741,1.95783,1.00,1.19
2014.06.11 08:17:58.559,1.95752,1.95783,1.00,1.19
2014.06.11 08:17:59.462,1.95752,1.95783,1.00,1.19
2014.06.11 08:18:00.507,1.95752,1.95783,1.00,1.19
2014.06.11 08:18:01.042,1.95751,1.95783,1.00,1.19
2014.06.11 08:18:01.778,1.95751,1.95783,1.00,1.19
2014.06.11 08:18:02.884,1.95751,1.95783,1.00,1.19
2014.06.11 08:18:03.779,1.95751,1.95783,1.00,1.00
2014.06.11 08:18:04.376,1.95752,1.95788,1.00,1.32
2014.06.11 08:18:04.598,1.95762,1.95788,1.00,1.32
2014.06.11 08:18:05.408,1.95761,1.95793,1.00,1.19
2014.06.11 08:18:06.195,1.95761,1.95795,1.00,1.67
2014.06.11 08:18:06.861,1.95762,1.95797,1.00,1.34
2014.06.11 08:18:07.402,1.95762,1.95799,1.00,2.22
2014.06.11 08:18:08.181,1.95761,1.95799,1.00,2.97
2014.06.11 08:18:09.584,1.95762,1.95798,1.00,1.47
2014.06.11 08:18:10.093,1.95761,1.95798,1.00,2.22
2014.06.11 08:18:11.353,1.95762,1.95799,1.00,3.72
2014.06.11 08:18:12.119,1.95772,1.95793,1.00,1.19
2014.06.11 08:18:12.322,1.95771,1.95801,1.00,1.29
2014.06.11 08:18:12.864,1.95772,1.95804,1.00,1.34
2014.06.11 08:18:13.336,1.95772,1.95805,1.00,1.47
2014.06.11 08:18:13.387,1.95772,1.95812,1.00,1.34
2014.06.11 08:18:13.538,1.95771,1.95809,1.00,1.19
2014.06.11 08:18:14.629,1.95771,1.95809,1.00,1.19
2014.06.11 08:18:15.596,1.95772,1.95809,1.00,1.19
2014.06.11 08:18:17.025,1.95771,1.9581,1.00,1.19
2014.06.11 08:18:17.395,1.95762,1.95807,1.69,1.19
2014.06.11 08:18:18.131,1.95762,1.95807,1.50,1.19
2014.06.11 08:18:19.033,1.95762,1.958,1.00,1.00
2014.06.11 08:18:19.134,1.95751,1.95795,1.33,1.25
2014.06.11 08:18:19.286,1.95752,1.95793,1.00,1.19
2014.06.11 08:18:19.588,1.9575,1.95788,1.00,1.19
2014.06.11 08:18:19.689,1.95742,1.95788,1.00,1.72
2014.06.11 08:18:19.891,1.95742,1.95785,1.00,1.39
2014.06.11 08:18:20.146,1.95732,1.95773,1.00,1.84
2014.06.11 08:18:20.197,1.95732,1.95771,1.00,1.19
2014.06.11 08:18:20.526,1.95742,1.95771,1.00,1.19
2014.06.11 08:18:21.198,1.95742,1.95769,1.00,1.19
2014.06.11 08:18:21.473,1.95731,1.95769,1.00,1.19
2014.06.11 08:18:22.141,1.95732,1.95769,1.00,1.19
2014.06.11 08:18:23.506,1.95731,1.95769,1.00,1.19
2014.06.11 08:18:26.579,1.95731,1.95767,1.00,1.37
2014.06.11 08:18:28.569,1.95731,1.95768,1.00,1.34
2014.06.11 08:18:29.638,1.95732,1.95768,1.00,1.19
2014.06.11 08:18:33.292,1.95732,1.95766,1.00,1.19
2014.06.11 08:18:34.636,1.95732,1.95763,1.00,1.69
2014.06.11 08:18:35.724,1.95732,1.95766,1.00,1.37
2014.06.11 08:18:37.255,1.95732,1.95766,1.00,1.19
2014.06.11 08:18:38.419,1.95732,1.95765,1.00,1.19
2014.06.11 08:18:42.347,1.95732,1.9576,1.00,1.19
2014.06.11 08:18:43.830,1.95742,1.9576,1.00,1.19
2014.06.11 08:18:44.229,1.95742,1.95761,1.00,1.19
2014.06.11 08:18:44.640,1.95732,1.95761,1.00,1.19
2014.06.11 08:18:45.233,1.95732,1.95764,1.00,1.19
2014.06.11 08:18:46.289,1.95732,1.95763,1.00,1.19
2014.06.11 08:18:47.345,1.95731,1.95762,1.00,1.69
2014.06.11 08:18:47.889,1.95732,1.95762,1.00,1.69
2014.06.11 08:18:48.450,1.95732,1.95762,1.00,1.69
2014.06.11 08:18:49.479,1.95732,1.95763,1.00,1.19
2014.06.11 08:18:49.998,1.95731,1.95762,1.00,1.19
2014.06.11 08:18:51.770,1.95731,1.95763,1.00,1.19
2014.06.11 08:18:53.176,1.95731,1.95763,1.00,1.19
2014.06.11 08:18:55.505,1.95731,1.95764,1.00,1.32
2014.06.11 08:18:56.477,1.95731,1.95763,1.00,1.19
2014.06.11 08:18:57.781,1.95731,1.95764,1.00,2.07
2014.06.11 08:18:58.530,1.95732,1.95764,1.00,2.07
2014.06.11 08:18:58.911,1.95732,1.95762,1.00,1.19
2014.06.11 08:18:59.461,1.95731,1.95762,1.00,1.19
2014.06.11 08:18:59.990,1.95731,1.95763,1.00,1.19
2014.06.11 08:19:01.227,1.95731,1.95763,1.00,1.19
2014.06.11 08:19:01.885,1.95724,1.95763,1.00,1.19
2014.06.11 08:19:02.306,1.95724,1.95762,1.00,1.19
2014.06.11 08:19:03.307,1.95724,1.95765,1.00,1.64
2014.06.11 08:19:05.188,1.95721,1.95758,1.00,1.19
2014.06.11 08:19:07.349,1.95721,1.95758,1.00,1.19
2014.06.11 08:19:07.935,1.95719,1.95758,1.00,1.19
2014.06.11 08:19:08.732,1.95719,1.95758,1.00,1.19
2014.06.11 08:19:11.026,1.95719,1.95758,1.00,1.29
2014.06.11 08:19:13.450,1.95719,1.95758,1.00,1.29
2014.06.11 08:19:14.447,1.95719,1.95758,1.00,1.29
2014.06.11 08:19:16.753,1.95719,1.95758,1.00,1.29
2014.06.11 08:19:20.111,1.95719,1.95758,1.00,1.29
2014.06.11 08:19:20.408,1.95714,1.95758,1.19,1.29
2014.06.11 08:19:20.879,1.95714,1.95749,1.19,1.00
2014.06.11 08:19:21.073,1.95711,1.95749,1.25,1.00
2014.06.11 08:19:21.224,1.95711,1.95749,1.00,1.19
2014.06.11 08:19:21.376,1.95707,1.95749,1.00,1.27
2014.06.11 08:19:21.905,1.95702,1.95749,1.19,1.37
2014.06.11 08:19:22.106,1.95702,1.95738,1.00,1.00
2014.06.11 08:19:22.428,1.95707,1.95748,1.00,1.72
2014.06.11 08:19:22.680,1.95703,1.95749,1.00,2.52
2014.06.11 08:19:23.780,1.95703,1.95747,1.00,2.22
2014.06.11 08:19:24.288,1.95704,1.95747,1.00,1.74
2014.06.11 08:19:24.886,1.95704,1.95746,1.00,1.39
2014.06.11 08:19:26.394,1.95704,1.95743,1.00,1.19
2014.06.11 08:19:26.444,1.95701,1.9574,1.00,1.19
2014.06.11 08:19:26.715,1.95692,1.95729,1.00,1.10
2014.06.11 08:19:26.766,1.95681,1.95722,1.00,1.00
2014.06.11 08:19:26.817,1.95674,1.95719,1.00,1.00
2014.06.11 08:19:26.868,1.95672,1.95719,1.00,1.38
2014.06.11 08:19:26.918,1.95672,1.95708,1.00,1.00
2014.06.11 08:19:26.969,1.95664,1.95708,1.19,1.50
2014.06.11 08:19:27.020,1.95662,1.95708,1.00,1.50
2014.06.11 08:19:27.203,1.95662,1.95706,1.00,1.00
2014.06.11 08:19:27.530,1.95661,1.95703,1.00,1.32
2014.06.11 08:19:28.226,1.95661,1.95701,1.00,1.19
2014.06.11 08:19:29.545,1.95652,1.95705,1.00,1.27
2014.06.11 08:19:29.646,1.95652,1.95699,1.50,1.19
2014.06.11 08:19:29.747,1.95652,1.95699,1.00,1.19
2014.06.11 08:19:30.050,1.95651,1.95691,1.00,1.19
2014.06.11 08:19:30.100,1.95644,1.95691,1.34,1.19
2014.06.11 08:19:30.680,1.95651,1.95691,1.00,1.19
2014.06.11 08:19:31.330,1.95651,1.95691,1.00,1.19
2014.06.11 08:19:32.444,1.95651,1.95694,1.00,1.19
2014.06.11 08:19:33.458,1.95651,1.95692,1.00,1.19
2014.06.11 08:19:34.044,1.95652,1.95692,1.00,1.19
2014.06.11 08:19:37.676,1.95652,1.95693,1.00,1.19
2014.06.11 08:19:38.311,1.95651,1.95693,1.00,1.19
2014.06.11 08:19:38.883,1.95651,1.95695,1.00,1.19
2014.06.11 08:19:40.417,1.95652,1.95695,1.00,1.19
2014.06.11 08:19:40.621,1.95642,1.95695,1.77,1.19
2014.06.11 08:19:40.722,1.95641,1.95694,1.37,1.69
2014.06.11 08:19:42.297,1.95641,1.95691,1.25,2.69
2014.06.11 08:19:43.451,1.95632,1.95688,1.77,2.39
2014.06.11 08:19:44.227,1.95642,1.95687,1.00,2.39
2014.06.11 08:19:44.530,1.95651,1.95685,1.00,1.19
2014.06.11 08:19:44.851,1.95651,1.95682,1.00,1.19
2014.06.11 08:19:45.116,1.95651,1.95688,1.00,1.39
2014.06.11 08:19:46.332,1.95651,1.95689,1.00,1.19
2014.06.11 08:19:47.212,1.95651,1.9569,1.00,1.19
2014.06.11 08:19:47.646,1.95641,1.95684,1.19,1.19
2014.06.11 08:19:47.747,1.95652,1.95684,1.00,1.19
2014.06.11 08:19:48.317,1.95652,1.95684,1.00,1.19
2014.06.11 08:19:49.321,1.95652,1.95684,1.00,1.00
2014.06.11 08:19:49.372,1.95652,1.95692,1.00,1.29
2014.06.11 08:19:50.062,1.95652,1.95684,1.00,1.00
2014.06.11 08:19:51.433,1.95652,1.95684,1.00,1.19
2014.06.11 08:19:51.834,1.95641,1.95684,1.19,1.19
2014.06.11 08:19:53.143,1.95652,1.95685,1.00,1.19
2014.06.11 08:19:55.757,1.95652,1.95685,1.00,1.19
2014.06.11 08:19:57.883,1.95651,1.95687,1.00,1.84
2014.06.11 08:19:58.255,1.95647,1.95685,1.00,1.69
2014.06.11 08:19:58.600,1.95644,1.95679,1.00,1.34
2014.06.11 08:19:58.803,1.95644,1.95686,1.00,1.34
2014.06.11 08:19:59.058,1.95651,1.95686,1.00,1.34
2014.06.11 08:19:59.316,1.95644,1.95686,1.00,1.34
2014.06.11 08:19:59.417,1.95654,1.95686,1.00,1.34
2014.06.11 08:19:59.677,1.95654,1.95689,1.00,1.69
2014.06.11 08:20:00.401,1.95652,1.95689,1.00,4.69
2014.06.11 08:20:00.904,1.95652,1.95688,1.00,1.27
2014.06.11 08:20:01.690,1.95656,1.95693,1.00,1.39
2014.06.11 08:20:01.897,1.95665,1.95693,1.00,1.39
2014.06.11 08:20:01.999,1.95665,1.95699,1.00,1.34
2014.06.11 08:20:02.466,1.95657,1.95699,1.00,1.34
2014.06.11 08:20:04.585,1.95671,1.95706,1.00,1.34
2014.06.11 08:20:04.894,1.95663,1.95708,1.00,1.34
2014.06.11 08:20:05.300,1.95663,1.95702,1.00,1.29
2014.06.11 08:20:06.307,1.95663,1.95703,1.00,1.27
2014.06.11 08:20:06.640,1.95666,1.95703,1.00,1.27
2014.06.11 08:20:06.883,1.95664,1.95703,1.00,1.27
2014.06.11 08:20:10.728,1.95666,1.95703,1.00,1.27
2014.06.11 08:20:11.470,1.95664,1.95703,1.00,1.27
2014.06.11 08:20:12.330,1.95671,1.95703,1.00,1.27
2014.06.11 08:20:12.381,1.95671,1.95707,1.00,1.34
2014.06.11 08:20:12.487,1.95674,1.95707,1.00,1.34
2014.06.11 08:20:12.925,1.95682,1.95707,1.00,1.34
2014.06.11 08:20:13.469,1.95687,1.95707,1.00,1.19
2014.06.11 08:20:13.519,1.95687,1.95714,1.00,1.19
2014.06.11 08:20:13.884,1.95683,1.95714,1.00,1.19
2014.06.11 08:20:14.555,1.95685,1.95717,1.00,1.27
2014.06.11 08:20:15.788,1.95683,1.95717,1.00,1.27
2014.06.11 08:20:15.889,1.95685,1.95717,1.00,1.27
2014.06.11 08:20:17.207,1.95687,1.95717,1.00,1.27
2014.06.11 08:20:17.463,1.9569,1.95721,1.00,1.19
2014.06.11 08:20:17.862,1.95681,1.95721,1.50,1.19
2014.06.11 08:20:18.579,1.95681,1.95723,1.50,1.27
2014.06.11 08:20:19.186,1.95671,1.95718,1.19,1.37
2014.06.11 08:20:19.250,1.95671,1.95717,1.00,1.29
2014.06.11 08:20:19.460,1.95661,1.95706,1.18,1.19
2014.06.11 08:20:19.561,1.95661,1.95704,1.00,1.19
2014.06.11 08:20:19.784,1.95657,1.95704,1.00,1.29
2014.06.11 08:20:20.452,1.95656,1.95704,1.25,1.37
2014.06.11 08:20:20.975,1.95656,1.95701,1.00,1.19
2014.06.11 08:20:21.440,1.95658,1.95701,1.00,1.19
2014.06.11 08:20:21.944,1.95656,1.95701,1.00,1.19
2014.06.11 08:20:22.315,1.95657,1.957,1.00,1.19
2014.06.11 08:20:22.730,1.95654,1.95698,1.25,1.19
2014.06.11 08:20:22.831,1.95654,1.95698,1.34,1.08
2014.06.11 08:20:22.881,1.95671,1.95698,1.00,1.00
2014.06.11 08:20:22.933,1.95671,1.95707,1.00,1.79
2014.06.11 08:20:23.034,1.95671,1.9571,1.00,1.79
2014.06.11 08:20:23.085,1.95664,1.95709,1.00,1.79
2014.06.11 08:20:23.136,1.95661,1.95699,1.00,1.00
2014.06.11 08:20:23.389,1.95661,1.95699,1.00,1.19
2014.06.11 08:20:24.209,1.95655,1.95699,1.00,1.19
2014.06.11 08:20:24.263,1.95658,1.957,1.00,1.19
2014.06.11 08:20:24.415,1.95658,1.95703,1.00,1.19
2014.06.11 08:20:25.703,1.95656,1.95703,1.08,1.19
2014.06.11 08:20:27.799,1.95657,1.95702,1.00,1.19
2014.06.11 08:20:28.116,1.95661,1.95702,1.00,1.19
2014.06.11 08:20:28.224,1.95657,1.95702,1.00,1.19
2014.06.11 08:20:28.327,1.9566,1.95702,1.00,1.19
2014.06.11 08:20:28.626,1.95657,1.95702,1.50,1.19
2014.06.11 08:20:28.848,1.95661,1.95702,1.00,1.19
2014.06.11 08:20:29.415,1.95656,1.95702,1.65,1.19
2014.06.11 08:20:30.074,1.95656,1.95698,1.15,1.19
2014.06.11 08:20:30.125,1.95656,1.95698,1.58,1.29
2014.06.11 08:20:30.456,1.95654,1.95692,1.00,1.19
2014.06.11 08:20:30.614,1.95656,1.95691,1.00,1.25
2014.06.11 08:20:33.914,1.95654,1.95698,1.00,1.19
2014.06.11 08:20:34.066,1.95651,1.95697,1.58,1.19
2014.06.11 08:20:34.373,1.95655,1.95697,1.00,1.19
2014.06.11 08:20:34.897,1.95656,1.95697,1.00,1.19
2014.06.11 08:20:35.792,1.95656,1.95696,1.00,1.19
2014.06.11 08:20:36.105,1.95651,1.95694,1.00,1.19
2014.06.11 08:20:36.206,1.95651,1.95692,1.00,1.19
2014.06.11 08:20:36.764,1.95652,1.95686,1.00,1.19
2014.06.11 08:20:37.221,1.95652,1.95683,1.00,1.19
2014.06.11 08:20:38.205,1.95652,1.95684,1.00,1.19
2014.06.11 08:20:39.192,1.95652,1.95683,1.00,1.19
2014.06.11 08:20:41.303,1.95652,1.95685,1.00,1.19
2014.06.11 08:20:42.307,1.95652,1.95686,1.00,1.69
2014.06.11 08:20:44.439,1.95652,1.9569,1.00,1.19
2014.06.11 08:20:44.694,1.95655,1.95696,1.00,1.19
2014.06.11 08:20:44.744,1.95655,1.95699,1.00,1.19
2014.06.11 08:20:45.968,1.95655,1.957,1.00,1.29
2014.06.11 08:20:48.314,1.95652,1.957,1.19,1.29
2014.06.11 08:20:49.671,1.95655,1.957,1.00,1.29
2014.06.11 08:20:50.209,1.95657,1.957,1.00,1.29
2014.06.11 08:20:50.511,1.95665,1.95699,1.00,1.19
2014.06.11 08:20:51.477,1.95665,1.95702,1.00,1.19
2014.06.11 08:20:52.732,1.95662,1.95702,1.00,1.19
2014.06.11 08:20:53.345,1.95661,1.957,1.00,1.19
2014.06.11 08:20:54.076,1.95656,1.95699,1.00,1.19
2014.06.11 08:20:54.412,1.95661,1.95703,1.00,1.69
2014.06.11 08:20:55.833,1.95661,1.95703,1.00,1.19
2014.06.11 08:20:58.143,1.95662,1.957,1.00,1.19
2014.06.11 08:20:58.525,1.95661,1.957,1.25,1.25
2014.06.11 08:20:59.045,1.95662,1.95705,1.00,1.29
2014.06.11 08:21:00.749,1.95662,1.95705,1.00,1.29
2014.06.11 08:21:01.722,1.95662,1.95705,1.00,1.29
2014.06.11 08:21:05.847,1.95662,1.95706,1.50,1.19
2014.06.11 08:21:11.482,1.95662,1.95707,1.50,1.19
2014.06.11 08:21:12.696,1.95662,1.95707,1.50,1.19
2014.06.11 08:21:14.184,1.95665,1.95707,1.00,1.19
2014.06.11 08:21:15.168,1.95665,1.95708,1.00,1.19
2014.06.11 08:21:16.172,1.95665,1.95708,1.00,1.19
2014.06.11 08:21:17.279,1.95665,1.95708,1.00,1.19
2014.06.11 08:21:17.920,1.95672,1.95711,1.00,1.69
2014.06.11 08:21:18.449,1.95673,1.95711,1.00,1.19
2014.06.11 08:21:18.601,1.95673,1.95716,1.00,1.19
2014.06.11 08:21:23.544,1.9568,1.95716,1.00,1.19
2014.06.11 08:21:24.316,1.95681,1.95716,1.50,1.19
2014.06.11 08:21:24.497,1.95681,1.95719,1.50,1.27
2014.06.11 08:21:25.033,1.95682,1.95719,1.00,1.27
2014.06.11 08:21:25.603,1.95682,1.95717,1.00,1.19
2014.06.11 08:21:25.933,1.95684,1.95717,1.00,1.19
2014.06.11 08:21:26.812,1.95684,1.95719,1.00,1.27
2014.06.11 08:21:30.030,1.95684,1.9572,1.00,1.19
2014.06.11 08:21:35.094,1.95695,1.95724,1.00,1.19
2014.06.11 08:21:35.296,1.95691,1.95724,1.00,1.19
2014.06.11 08:21:36.150,1.95691,1.95728,1.00,1.19
2014.06.11 08:21:39.578,1.95691,1.95728,1.00,1.19
2014.06.11 08:21:44.788,1.95691,1.95728,1.00,1.19
2014.06.11 08:21:45.845,1.95691,1.95728,1.00,1.00
2014.06.11 08:21:46.393,1.95697,1.95729,1.00,1.00
2014.06.11 08:21:46.595,1.95697,1.95739,1.00,1.19
2014.06.11 08:21:46.825,1.95697,1.95728,1.00,1.00
2014.06.11 08:21:47.922,1.95697,1.95729,1.00,1.00
2014.06.11 08:21:48.428,1.95697,1.95728,1.00,1.00
2014.06.11 08:21:48.909,1.95701,1.95738,1.00,1.00
2014.06.11 08:21:49.554,1.95696,1.95738,1.00,1.00
2014.06.11 08:21:49.655,1.9569,1.95728,1.34,1.00
2014.06.11 08:21:49.756,1.95692,1.95738,1.08,1.00
2014.06.11 08:21:50.302,1.95692,1.95738,1.08,1.19
2014.06.11 08:21:50.404,1.95704,1.95738,1.00,1.19
2014.06.11 08:21:50.745,1.9571,1.95738,1.00,1.00
2014.06.11 08:21:51.259,1.9571,1.95739,1.00,1.00
2014.06.11 08:21:52.722,1.9571,1.95748,1.00,1.67
2014.06.11 08:21:52.970,1.95704,1.95748,1.00,2.14
2014.06.11 08:21:53.174,1.9571,1.95748,1.00,1.67
2014.06.11 08:21:54.957,1.9571,1.95748,1.00,1.10
2014.06.11 08:21:55.360,1.95718,1.95748,1.00,1.10
2014.06.11 08:21:55.714,1.9572,1.95749,1.00,1.08
2014.06.11 08:21:56.263,1.95721,1.95749,1.00,1.08
2014.06.11 08:21:57.443,1.95718,1.95749,1.00,1.08
2014.06.11 08:21:57.668,1.95722,1.95748,1.00,1.10
2014.06.11 08:21:58.010,1.95722,1.95739,1.00,1.00
2014.06.11 08:21:58.446,1.95711,1.95739,1.00,1.00
2014.06.11 08:21:59.043,1.95711,1.95738,1.00,1.00
2014.06.11 08:22:06.242,1.95709,1.95738,1.00,1.00
2014.06.11 08:22:14.771,1.95709,1.95749,1.00,3.45
2014.06.11 08:22:15.422,1.95713,1.95749,1.00,2.70
2014.06.11 08:22:17.019,1.95713,1.95749,1.00,1.15
2014.06.11 08:22:17.070,1.95713,1.95749,1.00,1.08
2014.06.11 08:22:17.221,1.95718,1.95749,1.00,1.08
2014.06.11 08:22:17.412,1.95716,1.95755,1.00,2.67
2014.06.11 08:22:17.775,1.95714,1.95755,1.00,2.67
2014.06.11 08:22:22.180,1.95715,1.95748,1.00,1.10
2014.06.11 08:22:27.912,1.95716,1.95748,1.00,1.10
2014.06.11 08:22:28.487,1.95717,1.95749,1.00,1.08
2014.06.11 08:22:29.664,1.95717,1.95755,1.00,1.20
2014.06.11 08:22:29.715,1.95717,1.95758,1.00,2.03
2014.06.11 08:22:29.866,1.95717,1.95758,1.00,1.34
2014.06.11 08:22:29.916,1.95717,1.95759,1.00,1.99
2014.06.11 08:22:30.127,1.95717,1.95759,1.00,1.72
2014.06.11 08:22:30.178,1.95725,1.95759,1.00,1.72
2014.06.11 08:22:30.481,1.95725,1.95759,1.00,3.12
2014.06.11 08:22:31.007,1.95724,1.95758,1.00,1.89
2014.06.11 08:22:31.638,1.9572,1.95759,1.00,2.03
2014.06.11 08:22:31.840,1.95722,1.95758,1.00,1.28
2014.06.11 08:22:31.941,1.9572,1.95759,1.00,2.03
2014.06.11 08:22:32.226,1.9572,1.95759,1.00,1.38
2014.06.11 08:22:32.624,1.95723,1.95759,1.00,1.38
2014.06.11 08:22:33.234,1.95723,1.95759,1.00,1.00
2014.06.11 08:22:33.882,1.95723,1.95758,1.00,1.00
2014.06.11 08:22:34.369,1.95728,1.95765,1.00,1.00
2014.06.11 08:22:34.469,1.95728,1.95778,1.00,1.88
2014.06.11 08:22:34.520,1.95728,1.95774,1.00,1.08
2014.06.11 08:22:34.621,1.95728,1.95778,1.00,1.18
2014.06.11 08:22:34.747,1.95725,1.95776,1.00,1.10
2014.06.11 08:22:34.798,1.95727,1.95776,1.00,1.10
2014.06.11 08:22:35.113,1.95738,1.95769,1.00,1.00
2014.06.11 08:22:35.416,1.95748,1.95779,1.00,1.19
2014.06.11 08:22:36.917,1.95743,1.95779,1.00,1.19
2014.06.11 08:22:37.018,1.95743,1.95778,1.00,1.19
2014.06.11 08:22:37.600,1.95743,1.95774,1.00,1.19
2014.06.11 08:22:37.751,1.95738,1.95769,1.00,1.19
2014.06.11 08:22:38.142,1.95741,1.95769,1.00,1.19
2014.06.11 08:22:38.444,1.95755,1.9578,1.00,1.19
2014.06.11 08:22:38.546,1.95755,1.95795,1.00,3.78
2014.06.11 08:22:38.647,1.95755,1.95799,1.00,1.19
2014.06.11 08:22:38.698,1.95758,1.95799,1.00,1.19
2014.06.11 08:22:39.382,1.95761,1.95803,1.00,1.27
2014.06.11 08:22:40.517,1.95761,1.95804,1.00,1.37
2014.06.11 08:22:41.557,1.95761,1.95806,1.00,1.34
2014.06.11 08:22:41.709,1.95766,1.95806,1.00,1.34
2014.06.11 08:22:41.810,1.95763,1.95806,1.00,1.19
